2498 3898
648 231 718 272 ¹54
932 212 1611 260 -THAVMATVRGI
1683 213 1992 260 OPTICI

651 278 685 327 si
706 278 835 348 quod
851 278 1037 344 planum
1055 280 1118 328 est
1131 285 1177 326 in
1196 280 1478 347 pyramidem
1496 277 1747 328 adducatur
1762 291 1805 330 δε
1825 281 1963 329 oculo
1981 280 2137 331 debit&
2165 282 2306 351 expo?

653 366 785 396 natur
801 368 810 395 z
829 347 982 396 Potest
999 353 1135 395 ctiam
1150 353 1197 394 in
1215 366 1270 395 eo
1292 346 1463 396 desumi
1482 347 1742 415 exemplum
1755 350 2031 398 reductionis
2046 355 2303 416 imaginum

651 434 777 483 quae,
798 434 843 463 vt
870 421 976 464 &in
1000 415 1095 464 aliis
1122 414 1511 484 propositionibus
1538 414 1637 465 satis
1662 414 2040 485 significauimus,
2061 418 2113 467 fit
2133 410 2305 468 seruata

651 490 950 553 proportione
972 489 1018 532 in
1032 484 1191 532 areolis
1211 485 1475 554 liomologis
1494 484 1690 554 singulas
1708 483 1841 553 ipsius
1862 492 2072 554 imaginis
2096 506 2303 556 prototy-

650 573 715 621 pae
745 570 888 619 partes
915 553 1166 622 digerendo
1184 591 1198 608 ,
1223 554 1513 602 extendendo
1531 595 1544 615 ,
1569 553 1911 614 contrahendo,
1931 564 2013 603 δίε.
2044 575 2179 623 prout
2195 562 2302 621 varij

651 619 772 670 casus
797 629 841 667 δε
864 623 1207 670 circumstantia:
1233 628 1497 690 requirunt:
1519 622 1593 671 hic
1619 628 1743 671 enim
1774 642 1812 671 v.
1846 642 1888 692 g.
1914 620 2012 671 satis
2043 621 2305 692 agnoscitur

650 707 795 758 partes
814 692 1024 758 imaginis
1047 708 1299 758 prototypae
1320 690 1551 740 conclusas
1570 691 1797 760 triangulo
1809 692 2076 760 redtangulo
2091 690 2308 753 hah,dia-

647 762 910 826 grammatis
936 764 980 807 X
996 762 1127 809 LIX.
1153 756 1411 828 consignari
1427 760 1829 827 proportionaliter
1847 766 1894 807 in
1922 761 2199 831 triangulum
2219 765 2307 810 BA

646 834 712 888 H,
723 823 959 876 schematis
976 824 1346 896 quinquagesimi
1363 832 1516 896 primi,
1539 837 1583 876 &
1598 824 1801 876 similiter
1817 828 1946 897 quod
1960 830 2308 898 comprehendi·

649 914 721 944 tur
739 895 965 964 triangulo
981 896 1077 958 hai,
1095 896 1438 965 in'triangulum
1455 903 1502 947 H
1515 900 1605 956 ΑΙ,
1618 894 1929 958 transcribi‚&
1947 895 2006 945 fic
2021 898 2078 946 de
2099 898 2205 947 aliis
2226 917 2306 967 per

646 982 796 1033 partes
816 961 1010 1032 singulas
1029 994 1039 1026 3
1063 966 1192 1034 quod
1210 982 1258 1012 vt
1277 983 1329 1012 ex
1347 962 1388 1013 se
1411 962 1508 1014 satis
1525 964 1712 1014 euidens
1731 965 2034 1034 est,&aperte
2052 965 2307 1034 expositum

646 1039 695 1081 in
712 1033 1038 1102 diagrammate
1052 1075 1066 1096 ,
1098 1032 1212 1082 nihil
1225 1032 1340 1081 mihi
1355 1031 1485 1103 super
1502 1034 1572 1084 his
1591 1034 1784 1103 amplius
1805 1035 2053 1084 dicendum
2079 1034 2165 1083 effe
2185 1035 2310 1084 vide·-

648 1119 731 1150 tur.

944 1245 1605 1298 COROLLARIVM
1675 1247 2026 1298 PRIMVM.

769 1389 813 1433 X
838 1383 923 1433 hac
944 1381 1257 1452 propositione
1287 1378 1420 1431 facile
1444 1380 1819 1445 concluditur‚vt
1838 1403 1890 1433 ex
1914 1383 2315 1446 antecedentibus,

770 1454 900 1521 quod
927 1458 1169 1500 immutato
1195 1450 1357 1499 ordine
1387 1448 1689 1519 dispositionis
1723 1452 2069 1503 interuallorum
2103 1471 2204 1521 quae
2232 1472 2312 1521 per

645 1525 962 1590 Tangentiurn
980 1539 1196 1569 numeros
1215 1520 1594 1580 determinantur3
1608 1519 1776 1570 scilicet
1791 1521 2034 1572 efficiendo
2054 1538 2102 1569 Vt
2116 1520 2311 1569 eiusmo-

643 1593 692 1641 di
716 1588 855 1657 spatia
878 1590 1103 1660 gradatim
1129 1585 1332 1638 crescant
1353 1586 1378 1636 a
1406 1594 1554 1658 primo
1579 1590 1804 1657 quadrato
1833 1590 1962 1659 quod
1984 1590 2048 1638 est
2068 1591 2313 1657 pyramidis

644 1657 761 1710 basis
783 1668 828 1708 δε
844 1656 1067 1707 formatur
1084 1657 1213 1706 lineis
1230 1662 1291 1705 BI
1304 1698 1316 1719 ,
1333 1661 1398 1707 IL
1412 1700 1425 1721 ‚
1449 1660 1482 1704 L
1495 1662 1564 1718 N,
1586 1663 1707 1719 NC,
1727 1657 1866 1727 vsque
1887 1660 1944 1707 ad
1959 1658 2076 1706 illius
2092 1663 2312 1708 verticem

644 1732 727 1798 qui
746 1728 873 1776 estin
893 1731 954 1788 A,
975 1725 1233 1795 caeterisque
1252 1723 1501 1776 obseruatis
1518 1744 1566 1775 vt
1588 1725 1905 1794 praescribitur,
1934 1732 2089 1796 imago
2109 1725 2313 1776 similiter

644 1794 863 1846 deformis
878 1807 922 1847 ὃς
941 1793 1129 1844 confusa
1147 1793 1453 1845 delineabitur
1479 1814 1560 1863 pro
1581 1800 1786 1844 interiori
1809 1796 2037 1864 quadratae
2064 1796 2312 1864 pyramidis

644 1862 902 1934 superficie,
922 1883 1022 1934 quae
1045 1883 1098 1912 ex
1121 1864 1282 1913 eadem
1301 1862 1389 1913 visa
1416 1864 1625 1914 distantia
1647 1874 1691 1914 δε
1716 1868 1765 1912 in
1789 1864 1950 1914 debito
1967 1861 2053 1913 {itu
2070 1864 2318 1927 collocata,

643 1952 691 1983 vt
709 1939 756 1982 in
776 1938 938 2000 quinta
955 1933 1086 1982 huius
1106 1931 1487 2001 significauimus,
1504 1932 1589 1981 rite
1610 1938 1981 2001 proportionata,
2000 1932 2217 1982 omnibus
2233 1952 2316 1982 nu-

641 2006 776 2051 meris
795 2000 1002 2051 absoluta
1022 2012 1066 2051 &
1083 2000 1271 2050 obiectio
1294 2020 1546 2071 prototypo
1569 2000 1797 2052 simillima
1818 2001 2070 2054 videbitur,
2090 2007 2217 2051 cuius
2233 2021 2312 2070 pa-

641 2071 850 2140 radigma
866 2090 917 2119 ex
954 2089 1093 2118 onere
1113 2068 1498 2138 superuacaneum
1514 2074 1859 2131 existimo,cum
1877 2070 2012 2139 plana
2032 2068 2087 2119 fit
2105 2081 2149 2120 δε
2168 2067 2313 2120 facilis

641 2140 897 2189 admodum
958 2137 1184 2188 uiusmodi
1217 2138 1536 2189 delineationis
1572 2138 1879 2208 intelligentia
1895 2181 1908 2201 ‚
1933 2157 1986 2187 ex
2017 2138 2312 2208 diagramma-
2371 2198 2381 2207 1

645 2207 768 2258 tibus
786 2227 886 2279 quae
906 2209 964 2258 ad
981 2208 1287 2278 praecedentes
1307 2205 1641 2277 propositiones
1658 2208 1919 2257 inseruiunt.

870 2348 1514 2398 COROLLARIVM
1592 2348 2088 2399 SECVNDVM.

641 2485 878 2605 POtest
901 2490 1040 2534 etiam
1068 2484 1153 2533 alia
1177 2485 1428 2547 method0‚
1446 2489 1601 2556 imago
1625 2503 1872 2555 prototypa
1899 2487 2124 2556 quadrato
2150 2493 2321 2539 maiori»

740 2552 910 2602 inclusa
947 2558 995 2602 in
1028 2553 1207 2621 aliquot
1238 2559 1418 2605 minora
1449 2555 1670 2624 quadrata
1706 2554 1943 2616 distribui,
1974 2565 2019 2605 δε
2066 2559 2313 2625 pyramidis

642 2621 778 2691 plana
803 2627 865 2671 ita
884 2622 1027 2670 diuidi
1054 2638 1101 2669 vt
1124 2640 1378 2691 prototypa:
1401 2624 1622 2693 quadrata
1646 2623 1705 2671 ad
1724 2621 1958 2692 aspectum
1979 2624 2310 2693 repraesentent.

643 2697 769 2743 Pone
791 2711 830 2738 v.
853 2710 894 2761 g.
917 2690 1056 2739 latera
1086 2690 1295 2758 quadrati
1335 2690 1617 2760 propositam
1650 2697 1904 2763 imaginem
1936 2692 2313 2745 circumscriben-

644 2766 701 2808 tis
727 2765 774 2807 in
793 2757 862 2809 sex
889 2777 1036 2828 partes
1055 2777 1087 2806 ae
1128 2758 1248 2808 uales
1278 2761 1363 2808 effe
1396 2759 1564 2824 diuisa,
1595 2766 1658 2810 ita
1681 2779 1729 2810 vt
1755 2780 1807 2810 ex
1845 2762 1991 2810 ductis
2019 2781 2099 2831 per
2127 2763 2221 2813 haec
2240 2764 2310 2813 di-
2375 2797 2391 2815 ο

641 2826 873 2877 uisionum
906 2832 1075 2898 puncta
1093 2776 1237 2877 lineis
1265 2868 1278 2889 ‚
1306 2847 1405 2898 quae
1446 2830 1540 2880 aliis
1571 2829 1820 2899 respestiue
1851 2830 2062 2898 quadrati
2093 2830 2313 2884 lateribus

644 2895 731 2946 sint
764 2896 982 2965 parallelae
1007 2937 1020 2958 ‚
1057 2900 1244 2945 triointa
1279 2894 1348 2946 sex
1388 2903 1568 2948 minora
1600 2899 1822 2967 quadrata
1860 2897 2147 2949 efficiantur:
2178 2899 2314 2950 simili

646 2964 822 3035 prorius
848 2966 992 3014 modo
1021 2938 1159 3013 diuisa
1195 2966 1434 3033 apparebit
1465 2967 1707 3036 pyramidis
1737 2965 1784 3014 su
1820 2964 1993 3016 efficies
2019 2977 2071 3017 δε·
2095 2968 2311 3019 homolo-

646 3053 753 3104 gam
787 3035 1012 3099 quadrato
1047 3037 1109 3082 ita
1142 3031 1356 3101 dispofito
1395 3035 1590 3106 figuram
1623 2985 1862 3084 exhibebit
1884 3075 1897 3096 ,
1928 3033 1965 3084 fi
2008 3032 2186 3108 fingula
2219 3041 2310 3105 pri-

644 3101 777 3152 mum
807 3101 921 3152 basis
949 3102 1065 3150 illius
1092 3100 1231 3148 latera
1256 3100 1465 3152 bifariam
1491 3104 1753 3152 diuidantur
1779 3114 1824 3154 δε
1846 3102 1870 3152 ὲ
1895 3101 2172 3155 diuifionum
2189 3122 2306 3174 pun-

648 3173 729 3219 ἑῇς
770 3189 967 3241 quatuor
1003 3170 1062 3218 ad
1095 3174 1313 3218 verticem
1351 3172 1576 3221 ducantur
1600 3172 1758 3235 lineae,
1784 3191 1883 3242 quae
1928 3172 2037 3223 duas
2076 3177 2311 3244 prototypi

648 3238 785 3290 lineas
803 3240 976 3291 medias
994 3236 1036 3289 se
1055 3237 1095 3288 se
1113 3237 1170 3286 ad
1186 3243 1332 3288 rectos
1351 3238 1671 3291 intersecantes
1686 3239 2071 3310 repraesentabunt
2092 3271 2104 3305 3
2126 3252 2170 3293 δε
2186 3257 2310 3309 qux-³
