2498 3898
625 249 884 298 LrssER
921 242 1399 297 SECVNDVS:
1465 314 1469 316 ‚
1796 265 1861 315 135

167 321 560 369 demonstratione
589 322 884 367 Geometsica
922 317 1107 386 probari
1139 346 1151 378 -,
1177 315 1254 367 sed
1286 318 1381 368 haec
1414 320 1639 369 monuisse
1674 319 1859 372 sufficiat

164 409 247 458 pro
266 391 472 438 instituto
491 388 665 436 vitandi
690 387 814 436 hunc
834 385 1095 456 scopulum,
1119 388 1177 435 ad
1195 406 1286 456 que
1303 408 1350 436 m
1381 406 1566 454 tyrones
1587 394 1758 440 incauti
1775 390 1858 440 for-

167 458 283 508 tassis
304 458 556 507 alliderent.

464 597 1133 647 COROLLARIVM
1205 600 1562 648 PRIMVM.

292 812 338 857 X
364 807 494 855 dietis
520 823 616 856 tam
641 808 688 853 in
714 805 800 855 hac
829 818 972 875 quam
1002 811 1050 854 in
1068 807 1345 874 praecedenti
1363 806 1679 876 propositione
1698 805 1853 865 faciles

295 875 411 925 mihi
425 875 639 924 videntur
656 875 785 923 reddi
804 876 929 944 poffe
949 875 1282 925 delineationes
1303 881 1351 924 in
1363 873 1599 928 fornicatis
1620 882 1857 932 testudini*

170 949 257 1000 bus
275 944 634 1014 scenographice
652 944 961 1006 instituendae,
980 964 1081 1014 quae
1096 944 1203 994 alias
1230 952 1444 994 omnium
1470 945 1613 1018 longe
1640 950 1853 1002 difficilli-

170 1038 255 1069 mae
275 1000 690 1065 &laboriosissimae
710 1013 1033 1063 existimantur.
1068 1018 1222 1064 Primo
1245 1020 1371 1064 enim
1389 1035 1441 1064 ex
1468 1015 1555 1067 hac
1580 1019 1857 1088 propositio-

171 1108 231 1138 ne
250 1084 433 1156 poffunt
453 1083 639 1133 obieeta
655 1081 874 1152 quaelibet
904 1088 952 1133 in
972 1083 1108 1152 plana
1134 1083 1291 1133 tabula
1313 1083 1671 1156 scenographice
1705 1092 1860 1141 adum

174 1153 317 1216 brari,
336 1172 437 1224 quae
451 1151 486 1201 si
503 1152 585 1201 fiat
603 1157 698 1201 eius
717 1153 1074 1221 magnitudinis,
1094 1170 1142 1200 vt
1159 1152 1392 1203 horizonti
1402 1157 1645 1207 coextensa
1659 1157 1855 1228 spatium

173 1226 372 1294 superius
387 1221 580 1290 impleat
601 1221 733 1291 quod
751 1236 950 1289 quatuor
966 1240 1044 1270 aut
1054 1220 1263 1290 pluribus
1284 1229 1424 1272 muris
1441 1221 1671 1276 fornicem
1688 1229 1859 1280 susten-

172 1287 380 1345 tantibus
399 1295 686 1352 continetur,
704 1290 903 1339 dubium
919 1309 1018 1339 non
1038 1291 1102 1340 est
1120 1296 1235 1359 quin
1259 1311 1314 1341 ex
1343 1291 1568 1344 eiusmodi
1595 1296 1752 1347 tabula
1777 1300 1859 1349 be«

174 1382 235 1414 ne
259 1358 472 1431 disposita
492 1370 536 1409 &
555 1360 615 1408 ad
628 1378 814 1409 motum
828 1379 1091 1430 congruum
1112 1359 1207 1409 s1ue
1225 1361 1571 1414 reuolutionem
1587 1367 1863 1437 composita,

174 1431 346 1503 poffint
364 1429 593 1478 delineata
609 1427 796 1478 obiedta
814 1449 897 1499 per
915 1429 1197 1492 methodum
1212 1435 1260 1479 in
1277 1432 1554 1500 praecedenti
1586 1435 1862 1508 propositio&

176 1520 237 1551 ne
254 1500 492 1561 traditam,
513 1497 537 1547 ὲ
556 1498 666 1548 dato
685 1494 872 1548 inferius
892 1504 1068 1569 punito
1085 1504 1133 1549 in
1149 1496 1429 1551 fornicatam
1447 1503 1686 1555 testudinis
1710 1507 1864 1576 supero

177 1571 334 1621 ficiem
358 1567 719 1637 scenographice
747 1566 1016 1630 transcribi,
1043 1569 1174 1637 quod
1208 1569 1419 1639 alioquin
1452 1574 1779 1642 expertissimus
1816 1584 1867 1629 in

178 1639 426 1708 oraphide,
443 1648 487 1687 &
503 1642 552 1685 in
566 1641 733 1705 opticis
754 1637 1143 1689 delineationibus
1171 1638 1485 1691 versatissimus
1508 1647 1579 1692 vix
1607 1647 1754 1714 posset
1784 1647 1867 1697 ali-

177 1684 370 1778 Zuando
395 1707 480 1756 rite
507 1703 757 1775 consequi,
787 1712 987 1755 maxime
1019 1712 1067 1756 in
1101 1706 1359 1758 fornicibus
1393 1711 1749 1781 irregularibus,
1786 1723 1870 1786 qui

178 1783 320 1827 etiam
345 1776 598 1845 aliquando
624 1774 832 1845 pluribus
859 1777 1040 1846 angulis
1072 1776 1256 1826 infrad'ti
1282 1775 1383 1828 sunt
1399 1820 1414 1840 ,
1439 1780 1692 1852 multisque
1728 1792 1872 1836 etiam

179 1847 325 1916 planis
343 1847 556 1896 constant
578 1864 782 1914 quorum
811 1845 898 1895 alia
920 1845 1168 1895 introrsum
1194 1844 1472 1911 abscedunt,
1492 1848 1580 1899 alia
1610 1852 1872 1905 antrorsum

179 1916 429 1985 prouolant
453 1925 497 1965 &
520 1912 744 1963 similibus
774 1912 1172 1984 defignationibus
1198 1916 1487 1967 instituendis
1524 1922 1803 1990 inaequalem
1827 1935 1874 1976 &

183 1985 305 2034 male}
323 1986 542 2033 idoneam
559 1982 811 2033 secstionem
828 1984 1047 2053 praebent.
1478 2051 1482 2056 ἢ
1824 2026 1827 2029 κ

252 2054 528 2104 Cauendum
545 2072 654 2102 vero
673 2053 739 2101 est
749 2069 834 2115 ,ne
857 2054 971 2103 dum
991 2060 1040 2102 in
1055 2050 1157 2104 altis
1180 2052 1439 2107 fornicibus
1461 2058 1778 2133 depinguntur
1794 2063 1877 2116 ob-=

182 2129 301 2173 ieeta
318 2122 342 2171 ἐ
363 2123 493 2172 lineis
509 2127 642 2172 restis
662 2140 748 2192 pro
765 2127 929 2172 maiori
944 2143 1072 2193 parte
1090 2124 1372 2194 composita,
1389 2126 1466 2177 illa
1491 2127 1739 2201 seligantur
1765 2152 1869 2205 quae

183 2193 368 2261 longius
403 2193 461 2241 ad
488 2192 726 2241 testudinis
758 2191 947 2242 culmen
972 2195 1311 2262 protendantur
1333 2225 1345 2257 ;
1365 2193 1428 2246 sic
1454 2204 1580 2248 enim
1612 2200 1743 2253 vitari
1774 2223 1875 2255 non

186 2258 334 2331 posset
353 2267 606 2310 maximum
627 2263 987 2311 incommodum
1003 2304 1017 2325 ,
1054 2264 1186 2332 quod
1214 2269 1435 2316 nimirum
1461 2288 1585 2320 extra
1612 2270 1726 2322 visus
1763 2294 1882 2343 pun-

185 2336 315 2380 ctum
331 2331 589 2380 constitutis
607 2330 843 2401 longiores
860 2330 945 2381 111ae
967 2331 1121 2395 lineae,
1141 2349 1241 2382 non
1256 2340 1387 2386 recstae
1403 2356 1452 2387 vt
1471 2337 1670 2404 debent,
1693 2340 1770 2393 sed
1787 2363 1882 2395 tor-

187 2397 324 2450 tuosae
342 2410 386 2450 δε
405 2397 609 2458 flexuosa·
630 2418 906 2469 appareant,
925 2412 970 2452 &
989 2418 1088 2451 tota
1106 2402 1275 2454 deinde
1304 2403 1646 2478 scenographiae
1675 2420 1882 2479 Symme-

189 2476 275 2520 tria
293 2467 477 2537 aspediu
499 2466 691 2518 insuauis
711 2472 1024 2520 &iniucunda
1042 2473 1251 2522 videatur
1268 2497 1278 2523 z
1296 2493 1394 2524 non
1414 2482 1555 2547 igitur
1573 2477 1788 2531 sublimes
1806 2503 1882 2532 ex*

190 2535 409 2589 celsarum
430 2537 754 2587 columnarum
773 2539 957 2590 ordines
978 2546 1026 2589 in
1043 2546 1094 2589 iis
1119 2540 1220 2592 sunt
1234 2543 1511 2615 affingendi,
1529 2545 1605 2596 sed
1628 2556 1780 2617 potius
1800 2552 1887 2602 hu-

193 2608 325 2658 miles
346 2608 559 2677 quaedam
584 2607 705 2676 pilae,
725 2608 889 2676 podia,
910 2610 1111 2680 pergulae
1138 2630 1217 2662 aut
1245 2612 1332 2662 alia
1356 2633 1409 2663 ex
1429 2615 1744 2670 architeeturae
1772 2621 1887 2691 legi-

195 2676 282 2726 bus
303 2675 604 2725 coronidibus
623 2674 858 2745 impositas
887 2697 988 2749 quae
1014 2684 1157 2729 nimia
1191 2678 1490 2733 deformitate
1519 2684 1633 2755 pros
1658 2695 1783 2739 ecstus
1810 2710 1890 2740 ve-

196 2747 426 2795 nustatem
444 2744 706 2794 nullatenus
732 2748 1001 2815 impediant.
1039 2750 1267 2812 Quinimo
1286 2792 1299 2813 ,
1329 2754 1462 2822 quod
1485 2707 1698 2824 apposite*
1725 2778 1891 2809 monet

199 2813 488 2864 Sebastianus
508 2813 672 2864 Serlius
690 2814 1021 2868 Architet‘l‘turae
1040 2818 1123 2869 suae
1141 2818 1220 2870 lib.
1240 2845 1282 2884 4.
1294 2840 1391 2892 cap.
1403 2845 1459 2871 12.
1472 2823 1727 2894 aliquando
1750 2835 1891 2880 etiam

202 2888 426 2933 conuenit
443 2889 491 2932 in
508 2883 602 2933 hoc
627 2900 795 2933 vanam
823 2891 928 2935 artis
957 2888 1320 2940 ostentationem
1344 2898 1541 2942 omnino
1567 2900 1709 2945 vitare
1731 2926 1742 2959 ·,
1761 2900 1894 2968 quod

201 2958 343 3002 etiam
360 2950 601 3022 proposito
626 2952 873 3004 confirmat
891 2957 1128 3027 exemplo,
1149 2958 1261 3008 dum
1285 2964 1367 3010 ait:
1391 2966 1555 3012 AEtatis
1585 2967 1747 3016 nostrae
1773 2973 1893 3036 peri-

203 3028 342 3072 tiores
366 3022 623 3073 Architetsti
641 3023 752 3073 tales
769 3027 995 3096 pingendi
1008 3033 1209 3077 rationes
1228 3047 1373 3099 quam
1399 3033 1599 3082 maxime
1623 3034 1802 3104 semper
1825 3033 1895 3085 ef-

203 3089 426 3162 fugerunt
445 3118 457 3152 ;
480 3091 701 3161 pleraque
720 3098 846 3142 enim
868 3095 1156 3159 huiusmodi,
1175 3096 1376 3167 aspedtui
1390 3104 1642 3152 iniucunda
1673 3114 1721 3154 δε
1747 3101 1895 3155 insua-

205 3167 281 3210 uia
297 3160 562 3209 redduntur.
595 3163 897 3231 Qapropter
915 3167 1125 3235 Raphael
1142 3167 1341 3219 Vrbinas
1354 3212 1367 3233 ,
1387 3189 1532 3241 quem
1543 3177 1593 3219 in
1618 3173 1706 3223 hac
1724 3174 1784 3223 de
1802 3193 1898 3245 qua

201 3229 445 3300 loquimur
467 3234 747 3298 pisturarum
780 3232 890 3281 serie
920 3252 1062 3304 atque
1085 3235 1425 3306 compositione
1449 3256 1548 3290 non
1572 3241 1899 3293 admirandum

211 3299 541 3348 tantummodo
563 3339 578 3360 ,
604 3298 766 3349 verum
789 3299 1072 3372 singularem
1107 3324 1301 3376 quoque
1337 3308 1528 3359 extitisse
1569 3317 1897 3382 comperimus,

211 3368 329 3420 adeo
347 3386 395 3419 vt
412 3369 500 3419 hac
518 3373 566 3439 in
579 3388 629 3419 re
646 3374 890 3442 neminem
903 3374 1131 3448 {qualem
1150 3415 1164 3441 ‚
1188 3376 1674 3447 nedutrkfiaferiorem
1694 3381 1900 3453 aliquem

1669 3454 1748 3502 Aa
