2498 3898
606 214 857 265 LissER
931 217 1391 267 SECVNDVS.
1792 236 1870 285 169

182 282 443 333 bilior:n0n
465 301 621 331 tamen
638 281 726 332 sint
742 284 858 333 adeo
877 304 1036 336 tenues
1057 306 1104 336 vt
1120 289 1178 336 ad
1192 287 1291 337 solis
1310 287 1520 337 ardorem
1539 285 1677 339 facil&
1699 298 1745 340 in
1763 313 1865 343 cur-

179 371 343 402 uentur
361 394 374 412 ,
401 350 462 401 sic
486 356 612 400 enim
636 371 714 400 aut
739 353 959 419 stylorum
974 355 1161 424 aliquis,
1182 375 1259 406 aut
1277 357 1401 404 certe
1425 357 1541 406 illius
1562 377 1676 427 apex
1701 362 1724 408 ἐ
1753 380 1858 428 pro-

181 427 278 489 prio
295 419 379 470 fitu
398 420 541 488 posset
561 420 849 489 aliquantum
867 424 1115 485 dimoueri,
1135 445 1211 473 aut
1229 432 1276 473 in
1298 422 1532 475 subsilient
1545 445 1568 474 e
1598 428 1736 495 plano
1767 430 1863 478 col-

178 491 328 538 locata
344 488 500 538 charta
516 494 821 559 incongruam
837 495 1047 559 imaginis
1067 498 1375 561 proieeluram
1391 492 1644 563 susciperet.

249 557 528 607 Aduertatur
546 560 684 606 etiam
700 577 747 606 vt
763 557 968 608 assereuli
984 566 1032 608 in
1055 578 1150 630 quo
1169 561 1325 610 charta
1345 562 1647 613 delineationi
1659 565 1862 615 obnoxia

179 625 399 695 affigitur,
419 621 675 694 superficies
693 624 896 675 vmbrosi
916 629 1029 677 radii
1045 628 1357 679 summitatem
1384 637 1613 700 excipiens
1635 632 1688 683 sit
1714 649 1863 704 quan-

180 715 280 744 tum
297 693 394 743 fieri
413 699 580 763 poterit
600 693 917 746 candidislima
933 725 944 757 3
963 695 1025 747 sic
1048 704 1172 747 enim
1195 710 1237 749 &
1252 699 1388 748 affixae
1405 699 1571 749 chartae
1597 702 1862 753 albedinem

177 763 354 879 ifpuabit
377 774 421 813 ὃς
439 781 677 831 exceptam
692 763 792 829 styli
819 765 1030 815 vmbram
1047 768 1208 817 melius
1246 779 1289 818 &
1313 766 1532 836 praecisius
1565 768 1859 842 distinguief-

217 850 316 881 ciet.

680 945 1350 1026 coRoiiA'RivM

301 1120 345 1164 X
364 1115 493 1164 dietis
513 1118 561 1160 in
584 1113 668 1162 hac
689 1111 1002 1181 propositione
1024 1114 1082 1162 ad
1101 1112 1220 1163 Tab.
1243 1114 1521 1185 trigestinam
1542 1115 1786 1170 secundam
1808 1120 1866 1171 [aa

177 1111 356 1248 Etis
375 1183 522 1251 liquet
542 1201 639 1230 non
658 1179 804 1230 solum
821 1200 959 1229 vnam
979 1182 1183 1250 aliquam
1201 1189 1453 1253 imaginem
1465 1204 1542 1234 aut
1554 1194 1860 1255 proiecsturam

180 1250 288 1301 dato
310 1269 560 1320 prototypo
581 1249 738 1319 optice
755 1247 949 1298 similem
968 1252 1092 1318 poffe
1120 1270 1199 1320 per
1227 1251 1483 1320 expositum
1509 1256 1864 1308 instrumentum

179 1321 285 1389 apte
314 1319 529 1380 describi,
547 1317 623 1368 sed
649 1323 788 1367 etiam
820 1317 968 1387 plures
996 1317 1127 1369 fimul
1154 1321 1347 1390 aequales
1375 1332 1419 1371 &
1449 1325 1716 1392 inaequales,
1737 1332 1865 1377 variae

182 1391 507 1439 directionis&
525 1385 689 1436 diuersi
719 1384 920 1455 aspedius
950 1385 1081 1436 simul
1107 1400 1151 1438 δε
1180 1388 1316 1438 semel
1344 1391 1466 1459 posse
1503 1391 1753 1454 delineari,
1783 1415 1865 1464 pei·

177 1458 329 1527 plures
348 1456 483 1524 stylos
506 1456 690 1525 aequalis
707 1456 779 1504 vel
801 1456 1033 1525 inaequalis
1049 1458 1321 1520 altitudinis,
1342 1470 1386 1509 &
1404 1465 1451 1506 in
1476 1460 1620 1528 planis
1633 1464 1863 1514 didtorum

177 1527 401 1593 stylorum
417 1523 600 1574 vmbras
631 1526 843 1574 directius
874 1543 951 1572 aut
976 1525 1210 1595 obliquius
1239 1526 1544 1576 diiiersiinode
1563 1537 1860 1601 excipientes;

176 1596 296 1645 vnde
317 1593 438 1645 certe
455 1612 643 1662 apparet
664 1611 806 1660 quam
822 1592 876 1642 sit
892 1597 1143 1643 commoda
1170 1607 1214 1645 ὃς
1240 1597 1299 1644 ad
1322 1595 1448 1644 Vsum
1477 1616 1741 1666 comparata
1768 1601 1864 1653 haec

176 1664 393 1713 machina
414 1682 495 1732 pro
514 1663 646 1712 his‘&
664 1661 887 1711 similibus
907 1662 1298 1713 delineationibus
1320 1664 1578 1714 inmobiles
1606 1666 1863 1738 superficies

177 1731 501 1803 consignandis
521 1758 533 1790 ·,
555 1751 594 1779 v.
613 1751 655 1801 g.
678 1735 727 1778 in
748 1735 1054 1780 Gnomonicis
1074 1733 1132 1781 ad
1160 1733 1404 1803 horologia
1421 1731 1689 1787 sciotherica
1707 1749 1750 1788 &
1771 1739 1865 1807 pla-

178 1800 413 1871 nispliaeria
440 1797 771 1860 describenda,
793 1799 868 1849 sed
884 1818 942 1847 ne
968 1799 1120 1849 ansam
1148 1807 1451 1870 praeripiamus
1480 1802 1641 1853 lestori
1666 1807 1864 1857 studioso

180 1870 309 1940 plura
346 1868 507 1938 sponte
547 1868 760 1930 eruendi,
788 1869 934 1919 multa
958 1869 1044 1918 alia
1072 1871 1323 1919 commoda
1352 1890 1452 1940 quae
1482 1869 1634 1922 secum
1658 1875 1783 1926 vehit
1807 1878 1865 1926 ad

180 1957 337 2060 praxes
354 1935 691 1988 iucundissimas
711 1936 925 2007 eiusedulo
950 1939 1158 1988 rimanda
1181 1950 1225 1989 δε
1243 1945 1291 1987 in
1308 1947 1480 2010 praxim
1504 1940 1776 1995 deducenda
1794 1964 1864 1997 re,

198 2029 210 2057 i

214 2012 447 2078 nquimus.

487 2151 653 2200 PRO
680 2149 711 2194 P
739 2152 783 2197 O
809 2152 832 2196 S
858 2147 980 2197 ΙΤΙ
1014 2153 1058 2198 Ο
1133 2148 1574 2203 VNDECIMA·

179 2286 355 2334 Tradere
375 2281 525 2333 modum
539 2291 705 2404 vniueJ'
695 2289 808 2346 alem,
830 2308 902 2357 quo
914 2293 1027 2358 possit
1045 2285 1180 2337 obiecsli
1195 2289 1443 2357 cuiuscunque
1460 2291 1543 2338 dati
1567 2295 1691 2360 imago
1709 2287 1791 2358 fiae
1805 2293 1866 2343 dia

247 2357 347 2406 reffo
363 2355 513 2423 aspec'lu
533 2360 647 2405 viden
675 2377 699 2404 a
717 2396 730 2412 ‚
745 2359 827 2422 fine
846 2358 992 2427 obliquo
1012 2358 1223 2426 &efflanda
1240 2363 1378 2405 intuitu
1390 2395 1400 2414 ‚
1419 2366 1458 2407 in
1478 2379 1738 2431 quamcunque
1752 2384 1866 2435 expo-

239 2427 356 2490 fitam
365 2427 606 2497 superficiem
627 2428 836 2496 regularem
855 2446 924 2475 aut
952 2429 1215 2495 irregularem,
1241 2426 1414 2476 mobilem
1428 2447 1497 2476 aut
1514 2430 1741 2478 immobilem
1761 2456 1771 2486 ;
1794 2440 1864 2482 im-

248 2516 307 2543 mo
326 2502 365 2543 in
374 2497 502 2564 plures
509 2496 627 2561 stmul
646 2512 706 2553 (5⁴
720 2497 858 2570 diuers
849 2517 892 2544 as
914 2499 1135 2568 superficies
1156 2518 1205 2545 ex
1224 2498 1495 2566 scenographiae
1523 2499 1665 2568 legibus
1693 2503 1871 2575 0νὲαηὶεὲ

247 2563 471 2636 transcribi,
490 2572 545 2615 ita
561 2568 644 2615 ντιὶ
656 2573 810 2638 proprio
820 2567 964 2638 pumflo
983 2568 1102 2615 eidem
1119 2566 1462 2631 obiecft‘ofimillima
1488 2570 1672 2619 videatur.

367 2710 529 2776 Agnus
548 2725 671 2757 certe
695 2716 739 2757 ὃς
758 2708 946 2758 euidens
965 2708 1030 2759 est
1049 2715 1098 2758 in
1127 2705 1260 2759 liuius
1293 2708 1620 2779 propositionis
1636 2712 1861 2764 methodo

181 2815 189 2821 ,
366 2774 607 2823 consensus
626 2794 794 2824 naturae
814 2787 857 2826 &
873 2784 977 2827 artis
996 2807 1006 2838 ·,
1028 2780 1093 2828 est
1110 2785 1234 2828 enim
1253 2779 1395 2828 veluti
1411 2781 1741 2830 consectarium
1761 2802 1859 2851 pross

181 2841 337 2891 blema
358 2844 417 2891 ad
431 2842 699 2894 Theorerna
714 2842 808 2893 siue
826 2846 1193 2914 propositionem
1213 2854 1409 2916 primam
1426 2850 1558 2898 huius
1586 2848 1713 2911 libri,
1734 2856 1795 2899 ita
1810 2870 1858 2901 vt

182 2912 313 2979 quod
331 2916 378 2959 in
396 2912 474 2960 illa
488 2914 753 2963 naturaliter
762 2912 860 2962 fieri
882 2915 1073 2984 diximus
1095 2935 1173 2984 pei·
1193 2917 1342 2966 radios
1353 2923 1517 2986 opticae
1534 2920 1857 2987 pyramidis‚&

178 2980 592 3030 demonstrauimus
611 3001 664 3031 ex
686 2982 915 3032 iconismis
936 2983 1127 3035 Tabulae
1145 3007 1194 3033 22
1213 3006 1223 3032 ι
1243 2991 1290 3033 in
1315 2985 1402 3034 hac
1428 3004 1528 3055 quae
1548 2987 1612 3034 est
1629 2986 1856 3056 trigefima

182 3053 316 3097 tertia
331 3088 344 3109 ,
368 3067 447 3117 per
466 3051 766 3100 instrumenta
786 3063 831 3102 &
853 3073 936 3122 pei·
960 3053 1036 3102 fila
1060 3074 1161 3124 quae
1189 3055 1420 3104 radiorum
1449 3061 1710 3123 optimi-um
1734 3062 1854 3106 vices

181 3116 426 3185 impleant,
446 3138 497 3166 ex
517 3123 621 3168 artis
642 3118 896 3189 praescripto
919 3121 1165 3173 moliamur
1185 3146 1194 3173 ε
1217 3142 1375 3172 verum
1391 3143 1439 3173 vt
1456 3143 1553 3172 non
1570 3124 1750 3172 leuioris
1760 3144 1854 3174 mo⁴

181 3191 327 3234 menti
342 3185 586 3236 artificium
603 3189 733 3257 quod
750 3207 793 3237 te
811 3189 1012 3240 celatum
1037 3194 1123 3241 esse
1152 3192 1390 3254 nolumus,
1413 3193 1589 3261 plenius
1608 3201 1651 3239 ὃς
1676 3192 1851 3260 planius

182 3252 455 3316 innotescat,
471 3255 843 3326 vtilissimamque
860 3254 993 3307 simul
1012 3271 1056 3311 &
1073 3259 1440 3310 iucundissimam
1467 3260 1583 3308 illius
1604 3265 1776 3326 praxim
1792 3258 1851 3312 fa-

183 3321 308 3370 cilius
334 3324 742 3394 affequari55Ecce
777 3331 825 3374 in
849 3326 971 3376 dista
999 3328 1182 3379 Tabula
1217 3349 1254 3388 33
1273 3328 1469 3378 exhibeo
1505 3327 1589 3376 tibi
1618 3332 1851 3398 integrum
