2498 3898
608 221 660 258 28
886 207 1579 256 THAVMATVRGI
1658 208 1977 255 OPTiCi

607 277 898 326 Geometrice
918 285 961 324 &
983 272 1154 343 absque
1172 272 1260 322 vlla
1279 274 1584 338 diminutione
1611 273 1879 343 descriptum
1901 273 2203 322 exhiberetur,

603 345 743 394 Vnde
762 344 906 411 poffet
929 348 1026 412 quis
1047 343 1071 391 a
1090 344 1224 391 nobis
1245 359 1469 410 expetere,
1489 360 1564 390 cui·
1585 340 1770 409 planum
1797 350 2141 394 Geometricum
2173 343 2281 412 sup—

604 430 826 482 ponentes
847 413 961 461 vltra
980 408 1226 460 sectionem
1246 412 1480 468 constitui,
1495 411 1795 460 nihilominus
1810 413 1920 459 illud
1933 411 2012 461 sub
2025 412 2276 461 vii-‚reinharii

603 483 725 533 velut
744 485 790 529 in
808 485 1020 529 anteriori
1034 493 1158 548 parte
1170 479 1440 529 collocamus
1452 502 1463 528 .-
1478 484 1544 529 cui
1565 478 1984 548 respondemus‘n'o‘s
1995 499 2076 548 pro
2088 483 2280 529 vitanda

605 553 824 599 lineatum
855 547 1129 598 confusione
1161 550 1206 596 icl
1234 546 1379 598 fecisse
1399 571 1408 603 3
1429 568 1585 618 parum
1606 552 1726 598 enim
1757 550 1938 598 interest
1969 567 2040 597 'an
2059 547 2182 617 fiipra
2212 550 2281 600 vei

605 617 723 668 infra
759 617 1062 667 vitrei-basim
1091 615 1312 666 eiusmodi
1330 618 1516 685 planum
1535 616 1830 679 collocemus,
1851 617 1884 667 si
1907 617 2048 667 modo
2069 623 2282 688 congruis

605 687 759 736 inediis
783 695 826 735 ὃς
848 683 1050 749 facilibus
1070 690 1296 733 intentum
1318 684 1465 736 finem
1493 685 1793 755 assequamur,
1812 688 1943 757 quod
1966 683 2138 756 patebit
2160 686 2288 736 infe—

602 760 689 804 rius
708 777 718 803 ε
744 757 923 803 interim
945 756 1153 823 intellige
1173 751 1304 822 supra
1321 754 1616 803 vitrei-basim
1633 758 1680 802 in
1703 757 2027 826 diagrammate
2048 756 2099 804 II
2117 754 2280 804 [Tala.

605 863 613 872 ,
622 845 656 886 3.
678 828 726 872 in
749 823 894 893 plano
927 827 962 871 E
978 827 1005 872 F
1021 828 1067 873 H
1085 829 1126 873 G
1147 823 1418 891 descriptum
1441 822 1525 873 effe
1548 826 1833 874 Geometrice
1855 826 2128 895 triangulum
2139 829 2284 894 aequi‘-

605 894 897 955 laterum-AB
915 898 975 951 C,
1008 892 1172 942 deinde
1191 890 1217 940 xa
1243 896 1422 960 punistis
1448 892 1531 943 AB
1547 901 1585 944 C
1610 893 1772 941 adduci
1803 909 1881 962 per
1917 892 2190 948 endiculares
2219 898 2285 942 vi-

604 961 800 1010 trei-basi
823 965 873 1010 Bi
891 999 904 1017 ,
926 967 997 1011 C2
1012 999 1025 1019 ,
1049 965 1107 1024 A3
1123 1001 1136 1023 ,
1157 961 1360 1010 {imiliter
1381 971 1426 1011 &
1449 963 1718 1011 circulorum
1736 977 1860 1012 arcus
1918 968 2036 1022 1·‚C2
2055 999 2069 1019 ‚
2083 968 2141 1023 A3
2155 1001 2171 1018 ,
2185 979 2283 1010 tum

603 1030 787 1080 demum
804 1045 964 1079 totam
999 1028 1193 1102 figuram
1225 1035 1332 1090 iii,
1364 1051 1377 1078 ι
1394 1032 1503 1093 BA3
1537 1028 1663 1098 super
1691 1031 1857 1093 lineam
1882 1033 1988 1081 GH
2013 1031 2137 1080 velut
2158 1030 2285 1097 super

600 1118 727 1149 axem
748 1099 918 1149 reuolui
936 1103 984 1149 in
1007 1117 1181 1169 partem
1199 1105 1471 1150 anteriorem
1501 1100 1648 1148 donec
1674 1103 1724 1147 in
1751 1101 1890 1168 plano,
1910 1106 1952 1151 G
1971 1105 2019 1150 H
2038 1106 2090 1151 M
2106 1106 2144 1148 A
2168 1117 2284 1148 coria

601 1165 829 1240 quiescat,
853 1169 1042 1218 habebis
1062 1168 1248 1238 planum
1270 1172 1613 1218 Geometricum
1639 1167 1756 1218 infra
1786 1169 2087 1220 vitrei-basim
2121 1169 2279 1217 consti-

604 1253 755 1287 tutum
776 1239 904 1308 quod
922 1239 1005 1287 tibi
1026 1256 1197 1308 partem
1219 1238 1467 1289 vitrei-basi
1484 1236 1756 1306 superiorem
1782 1254 1867 1307 pro
1891 1235 2166 1299 delineanda
2185 1235 2279 1285 sce*

602 1311 860 1377 nogtapbia
876 1307 1062 1357 liberam
1084 1309 1328 1378 relinquet,
1349 1308 1479 1376 quod
1500 1325 1543 1356 te
1570 1324 1652 1372 pro
1685 1304 1901 1356 omnibus
1923 1318 1970 1357 ὅσ
1993 1302 2181 1377 singulis
2205 1305 2283 1354 hn-

603 1380 668 1424 ius
688 1376 790 1426 libri
812 1371 1218 1447 propositionibus,
1229 1380 1276 1424 in
1288 1376 1451 1446 quibus
1465 1376 1543 1424 tali
1558 1372 1854 1443 dispositione
1864 1378 2281 1435 vtimuranonitum

604 1445 760 1493 velim.
1823 1502 1829 1505 Α
1925 1482 1945 1487 ,,
1973 1485 1975 1487 ,
2129 1482 2133 1486 .

672 1516 805 1562 Nota
823 1516 956 1561 etiam
976 1513 1106 1583 quod
1128 1512 1221 1562 haec
1247 1513 1463 1583 trianguli
1486 1518 1521 1563 A
1550 1515 1580 1559 B
1607 1518 1646 1561 C
1664 1512 1799 1569 ,sicut
1823 1524 1866 1563 &
1900 1511 2081 1562 aliarum
2113 1514 2283 1583 figura‘

600 1598 701 1629 rum
726 1585 1014 1631 Geometrica
1035 1591 1078 1631 δε
1101 1581 1315 1631 naturalis
1330 1584 1572 1630 delineatio
1585 1580 1829 1631 secundum
1848 1586 2058 1650 proprios
2079 1589 2185 1630 artis
2200 1599 2284 1630 tet-

602 1652 774 1707 minOS,
791 1649 1092 1720 icnographia
1111 1667 1410 1719 nuncupatur.
1753 1695 1759 1698 .

677 1718 862 1767 Planum
882 1737 990 1768 vero
1021 1717 1351 1788 perspeQiuum
1369 1717 1442 1768 seu
1472 1716 1880 1789 scenographicum
1909 1719 2030 1768 idem
2055 1720 2115 1768 est
2145 1719 2278 1789 quod

602 1785 746 1835 festio
762 1826 776 1844 ,
803 1786 982 1847 tabula,
997 1792 1218 1849 vitreum,
1239 1790 1544 1856 diaphanum,
1567 1796 1653 1838 &c.
1684 1789 1847 1857 quibus
1873 1788 1985 1837 illud
2008 1789 2281 1837 nominibus

602 1853 918 1904 indifferenter
943 1858 1151 1925 deinceps
1185 1857 1510 1926 appellabimus
1528 1894 1541 1915 ‚
1566 1856 1819 1926 insistitque
1836 1858 2281 1926 perpendiculariter,

604 1939 656 1975 vt
675 1927 764 1974 iam
787 1924 979 1974 diximus
991 1963 1006 1981 ,
1025 1930 1166 1975 vitrei·
1184 1925 1280 1976 basi
1299 1924 1371 1975 seu
1389 1926 1681 1986 lineae-term,
1702 1927 2086 1995 protenditurque
2102 1939 2193 1994 pro
2209 1926 2283 1974 de-

604 1993 824 2043 lineandis
846 1987 1143 2062 pauimentis,
1168 1996 1359 2064 planitie
1381 1996 1636 2062 campestri,
1653 2011 1729 2044 aut
1756 1994 1851 2043 aliis
1873 1993 2028 2064 figuris
2049 1995 2194 2062 planis
2213 2001 2277 2043 ia-

603 2063 811 2113 centibus
824 2100 838 2122 ,
855 2059 994 2132 vsque
1011 2065 1067 2112 ad
1087 2065 1253 2113 lineam
1271 2064 1630 2124 horizontalem‚
1644 2064 1763 2113 vltra
1783 2080 1923 2132 quam
1942 2063 2061 2111 nihil
2081 2062 2274 2127 ejusmo-

604 2132 653 2180 di
672 2130 789 2203 fingi
816 2131 976 2182 debet:
1005 2151 1088 2200 pro
1124 2130 1415 2204 designandis
1438 2150 1548 2182 veto
1575 2142 1620 2183 ὃς
1649 2132 1913 2182 attollendis
1939 2131 2206 2199 corporibus
2225 2150 2282 2181 vt

605 2201 823 2251 domibus
838 2240 853 2258 ,
882 2202 1104 2261 turribus,
1128 2212 1172 2252 &
1186 2204 1280 2251 aliis
1302 2201 1498 2250 aedificiis
1516 2198 1649 2258 ‚sumi
1665 2201 1810 2270 potest
1832 2202 2069 2250 infinitum
2087 2220 2098 2253 ;
2116 2204 2166 2248 in
2186 2202 2278 2249 hoc

601 2287 753 2321 autem
798 2270 939 2339 plano
979 2271 1129 2342 figurae
1167 2273 1226 2321 ad
1265 2266 1556 2339 prospectum
1591 2271 2007 2320 accommodantur
2034 2290 2046 2316 .·
2075 2270 2164 2317 tale
2189 2270 2244 2318 est
2263 2308 2278 2324 ‚

605 2342 654 2388 in
673 2341 829 2388 eadem
852 2339 998 2409 figura
1021 2341 1208 2408 planum
1233 2345 1267 2389 E
1289 2344 1330 2389 G
1354 2344 1402 2389 H
1426 2344 1452 2387 F
1475 2336 1606 2408 supra
1624 2341 1845 2389 lineamG
1867 2344 1914 2388 H
1930 2343 2001 2399 ,in
2021 2355 2117 2408 quo
2140 2341 2278 2387 trian-

603 2408 761 2479 gulum
781 2413 974 2457 cernitur
1002 2410 1281 2458 diminutum
1308 2418 1353 2458 &
1382 2410 1441 2457 ad
1467 2407 1752 2477 perspeffluae
1781 2407 1902 2478 leges
1932 2407 2204 2456 delineatum
2227 2412 2276 2456 in

602 2476 714 2533 abc,
737 2477 828 2527 haec
866 2494 1016 2527 autem
1045 2479 1262 2548 trianguli
1279 2476 1372 2526 abc
1391 2478 1500 2525 sicut
1534 2486 1579 2527 ὃς
1610 2493 1874 2525 caeterarum·
1897 2475 2143 2546 figurarum
2171 2476 2280 2525 deli·-

602 2550 757 2594 neatio
775 2542 834 2594 sic
855 2547 1103 2605 diminuta,
1125 2545 1455 2617 scenographia
1474 2547 1648 2595 dicitur.

674 2619 817 2664 Linea
837 2615 1143 2664 horizontalis
1165 2615 1254 2663 dici
1272 2617 1422 2683 potest
1440 2611 1568 2683 ipsius
1589 2616 1850 2671 horizontis
1875 2618 2097 2683 proieotio
2119 2617 2280 2663 reetils

602 2700 689 2732 nea
707 2722 720 2742 ‚
737 2702 815 2752 per
842 2687 1102 2751 primatium
1126 2680 1411 2753 Perspeetiuae
1439 2688 1665 2752 puniitum
1681 2724 1695 2745 ‚
1720 2685 1849 2754 quod
1876 2681 2157 2752 repraesentat
2175 2684 2278 2733 vlti-

603 2771 731 2802 mum
763 2750 948 2802 visionis
982 2754 1141 2802 nostra:
1172 2757 1416 2802 terminu-m
1447 2763 1492 2803 δε
1525 2755 1779 2823 principalis
1804 2755 1914 2818 radij
1955 2756 2272 2821 proiedturam,

603 2837 700 2890 quo
735 2825 870 2872 etiam
896 2821 1148 2872 referuntur
1177 2833 1222 2873 &
1253 2834 1531 2872 concurrunt
1569 2840 1721 2872 caetera
1759 2826 1917 2871 omnia
1954 2835 2052 2891 quae
2089 2825 2276 2870 circum-

604 2889 739 2938 stant.
1797 2933 1800 2936 .
1933 2934 1939 2941 f

674 2962 787 3007 Haec
818 2959 936 3008 linea
968 2960 1274 3009 horizontalis
1302 2965 1351 3009 in
1385 2964 1509 3029 praxi
1536 2960 1671 3010 huius
1687 2964 1792 3010 artis
1810 2957 1979 3028 semper
2004 2957 2276 3027 supponitur

604 3027 815 3093 parallela
834 3029 1137 3083 lineae—terrae5
1159 3031 1545 3100 quemadmodum
1562 3034 1685 3079 enim
1703 3048 1829 3080 verus
1845 3029 2044 3077 horizon
2057 3028 2276 3098 aequalem

604 3093 1017 3166 semper&vbique
1028 3098 1210 3148 obtinet
1220 3099 1507 3147 altitudinem
1522 3099 1812 3148 adintuentis
1833 3099 2016 3146 oculum
2064 3095 2273 3165 uiipfiim

601 3164 626 3210 e
645 3166 799 3214 medio
830 3166 936 3214 loco
958 3163 1030 3215 seu
1052 3184 1205 3216 centro
1227 3164 1524 3234 circumspicit
1546 3206 1558 3227 ‚
1584 3172 1647 3216 ita
1666 3179 1713 3220 &c
1732 3169 1957 3235 proieetio
1979 3114 2115 3234 ipiius
2130 3170 2178 3212 in
2199 3180 2273 3212 ta«

606 3230 711 3281 bula
735 3238 815 3283 erit
837 3237 959 3284 reeta
976 3235 1093 3283 linea
1114 3237 1197 3304 ipsi
1214 3231 1456 3286 vitrei-basi
1480 3232 1553 3285 seu
1579 3238 1845 3286 linem-term
1863 3235 2070 3304 parali-ela
2088 3256 2099 3282 z
2119 3233 2164 3281 id
2187 3232 2272 3281 tibi

601 3301 838 3353 exhibetur
862 3323 916 3353 ex
937 3301 1215 3373 perspectiua
1242 3305 1477 3366 naturali,
1498 3302 1722 3357 schemate
1752 3326 1792 3365 3¹
1830 3309 1885 3353 in<
1905 3305 2020 3354 Tali,
2045 3324 2086 3353 2.
2107 3302 2185 3353 vbi
2209 3308 2272 3352 vi-
