2498 3898
629 246 1381 300 LlssERsECVNDVS.
1763 272 1839 318 147

183 315 356 391 prorsus
375 319 542 369 inutilis
557 319 627 368 vel
651 325 697 366 in
721 325 840 386 praxi
867 320 1062 369 multum
1089 320 1278 369 difficilis
1305 321 1532 368 videretur
1548 341 1559 370 3
1576 338 1623 368 vt
1639 320 1670 368 fi
1698 328 1743 370 in
1764 344 1838 371 ex-

181 389 313 460 positi
331 391 665 458 diagrammatis
683 395 725 437 X
739 394 834 437 LV.
858 390 1110 459 quadrante
1129 394 1168 437 A
1183 396 1214 437 Β
1228 396 1285 449 C,
1309 386 1603 437 describenda
1617 408 1838 457 propone-

182 478 303 507 retur
326 464 479 527 imago
508 457 692 531 qualem
718 458 931 519 diximus,
954 458 1320 526 destinatumque
1347 456 1603 505 huiusmodi
1635 456 1841 527 defigna-

182 532 297 575 tioni
319 526 505 595 planum
521 528 602 575 iuis
620 527 823 593 vndique
847 531 1049 576 terminis
1071 530 1132 573 ita
1157 525 1523 586 concluderetur,
1548 545 1594 574 vt
1610 524 1838 593 praecisum

184 595 463 644 delineandae
483 599 671 664 imagini
688 592 878 661 spatium
897 594 1248 661 relinqueretur,·
1260 594 1441 642 difficile
1452 592 1552 642 sane
1570 594 1676 643 esset
1692 594 1839 647 inhoc

182 663 282 713 casu
305 664 513 712 traditam
532 667 578 711 in
598 662 758 730 quarta
777 660 1086 731 propositione
1104 662 1377 710 methodum
1396 662 1731 723 adhibere‚nisi
1750 664 1843 712 vel-

182 733 245 781 les
272 731 416 801 ipsum
433 731 619 799 planum
639 749 807 798 magna
825 731 1045 779 linearum
1064 728 1104 778 se
1117 729 1533 780 leiiiterlecaiitiiiiii
1546 773 1557 792 ,
1570 728 1840 781 confusione

182 801 486 869 replere‚quas
498 795 634 848 etiam
646 799 991 868 posteaabolere
1003 818 1248 867 oporteret:
1261 796 1528 848 facillimum
1544 807 1665 848 tame
1683 801 1746 848 est
1763 816 1843 869 per

183 888 396 919 numeros
414 866 487 916 seu
507 873 795 938 tangentium
814 868 990 917 tabulas
1009 869 1055 916 id
1074 868 1256 936 assequi.
1317 868 1530 916 Similiter
1550 887 1653 916 cum
1673 887 1842 936 propo-

183 954 316 987 netur
335 937 659 986 delineandum
686 942 731 984 in
752 955 967 1006 promptu
994 947 1037 985 δε
1060 942 1203 1003 prima
1231 941 1497 1005 operatione
1520 935 1843 985 simulachrum

182 1007 372 1075 aliquod
391 1005 611 1054 eiusmodi
627 1012 674 1054 in
694 1024 898 1054 conuexa
912 1004 1143 1074 superficie
1166 1011 1272 1053 coni
1290 1006 1475 1054 alicuius
1494 1005 1649 1075 lignei,
1660 1004 1841 1074 lapidei3

181 1096 259 1125 aut
276 1077 456 1124 alterius
477 1081 671 1124 materiae
689 1071 858 1136 solidae,
875 1074 1167 1124 necessarium
1185 1076 1268 1122 erit
1285 1075 1452 1122 lineam
1480 1080 1649 1124 rectam
1666 1072 1690 1122 a
1708 1082 1843 1124 verti-

181 1163 234 1194 ce
254 1146 310 1193 ad
331 1141 444 1192 basis
469 1144 771 1212 peripheriam
789 1149 1128 1213 pertingentem
1144 1148 1388 1191 incentum
1407 1161 1554 1210 partes
1573 1143 1763 1213 aequales
1777 1144 1852 1192 di-'

182 1215 337 1262 uidere
352 1230 399 1260 vt
416 1219 505 1261 iam
527 1213 737 1272 diximus,
753 1210 989 1280 diuisoque
1008 1211 1409 1279 proportionaliter
1423 1211 1512 1261 hoc
1534 1211 1758 1280 spati0‚vt
1775 1211 1842 1261 su-

183 1300 262 1350 pra
277 1278 507 1329 diuisimus
538 1281 704 1329 lineam
730 1286 820 1330 DE
841 1323 852 1342 ,
882 1280 1118 1330 schematis
1147 1285 1325 1328 XLIV.
1352 1291 1395 1329 δε
1422 1279 1590 1329 lineam
1616 1286 1727 1335 AB,
1750 1282 1844 1330 dia-

183 1356 444 1420 grammatis
462 1355 615 1399 XLV.
650 1350 842 1399 circulos
863 1369 942 1419 per
961 1351 1143 1397 istarum
1166 1347 1442 1397 diuisionum
1459 1355 1628 1417 puncta
1654 1351 1844 1399 decircia

182 1414 309 1480 nare,
335 1425 381 1466 in
398 1418 567 1488 quibus
586 1420 742 1487 postea
767 1417 1003 1488 propositae
1028 1422 1237 1486 imaginis
1270 1436 1414 1482 partes
1444 1418 1848 1487 proportionaliter

184 1486 516 1549 describantur,
530 1507 629 1557 quae
645 1494 822 1544 omnia,
835 1493 881 1535 in
893 1488 1015 1536 dioto
1034 1484 1266 1546 casu‚solis
1283 1486 1411 1534 lineis
1432 1497 1474 1536 ὃς
1490 1486 1660 1556 absque
1680 1506 1845 1536 numes

183 1574 336 1605 rorum
358 1556 553 1626 ope‚seu
574 1556 831 1605 tabularum
846 1553 1125 1604 adminiculo
1145 1553 1241 1603 fieri
1258 1572 1508 1624 nequeunt».

248 1624 423 1674 Verum
449 1626 706 1674 notandum
734 1626 798 1673 est
821 1625 877 1673 ad
903 1624 1150 1694 figurarum
1177 1622 1396 1672 eiusmodi
1437 1626 1848 1689 constructionem,

182 1695 305 1745 haud
327 1696 412 1742 esse
439 1694 644 1743 ablolute
676 1694 970 1742 necessarium
994 1699 1243 1763 imaginem
1270 1711 1586 1762 prototypam,
1618 1701 1743 1744 cuius
1768 1697 1847 1743 de-

183 1762 296 1812 bent
314 1761 496 1833 singulae
520 1782 665 1831 partes
685 1768 732 1810 in
752 1768 963 1810 conicam
984 1761 1266 1831 superficiem
1284 1781 1336 1809 ea
1354 1779 1446 1829 qua
1462 1763 1654 1810 diximus
1672 1770 1848 1813 ratione

185 1829 447 1893 transcribi,
475 1833 560 1881 effe
590 1836 795 1900 primitus
822 1830 1088 1900 descriptam
1118 1836 1164 1878 in
1180 1829 1517 1890 circulo‚cuius
1546 1831 1767 1881 diameter
1792 1829 1847 1882 fit

183 1901 371 1949 dimidia
392 1902 499 1965 radij
525 1901 811 1969 quadrantis,
830 1919 881 1948 ex
899 1918 994 1968 quo
1011 1899 1151 1948 debet
1181 1918 1323 1948 conus
1348 1899 1577 1948 efformari
1592 1921 1602 1947 ε
1618 1900 1849 1957 Quaelibet

184 1975 307 2018 enim
324 1968 468 2034 figura
488 1968 581 2018 siue
600 1974 754 2039 imago
768 1966 1018 2038 proposita,
1030 1968 1267 2017 cuiussibet
1283 1968 1610 2037 magnitudinis
1632 1971 1781 2038 potest
1790 1971 1850 2018 ad

183 2039 303 2088 hanc
335 2027 669 2106 proiectionem
693 2043 922 2097 reuocari,
941 2035 972 2085 si
1001 2043 1120 2106 prius
1145 2036 1315 2086 circulo
1340 2036 1668 2098 concludatur,
1692 2048 1736 2087 &
1752 2038 1848 2087 aliis

185 2108 352 2156 deinde
373 2106 576 2176 pluribus
593 2108 650 2155 ad
669 2105 908 2155 arbitrium
932 2106 1109 2154 circulis
1140 2117 1183 2155 δε
1212 2106 1442 2154 diametris
1467 2105 1693 2155 diuidatur
1712 2134 1722 2167 3
1742 2107 1848 2155 inde

188 2182 313 2226 enim
334 2175 416 2224 rite
432 2194 649 2244 poterunt
668 2174 852 2244 fingulae
868 2172 1002 2243 ipsius
1020 2193 1165 2243 partes
1185 2180 1232 2222 in
1249 2180 1430 2223 maioris
1443 2173 1514 2223 vel
1532 2180 1721 2223 minoris
1742 2181 1851 2224 coni

185 2244 468 2313 superficiem
489 2242 766 2313 consignari,
785 2246 929 2291 modo
948 2242 1351 2312 proportionaliter
1369 2241 1508 2291 diuisa
1523 2244 1719 2292 totidem
1745 2262 1851 2312 qua-

186 2313 407 2382 drangula
420 2312 511 2361 siue
536 2311 675 2380 spatia
701 2317 960 2373 contineat,
987 2330 1104 2380 quot
1132 2311 1274 2360 habet
1299 2312 1518 2373 circulus,
1534 2318 1615 2381 qui
1643 2330 1853 2381 prototy-

187 2401 291 2452 pam
310 2387 558 2452 imaginem
578 2381 912 2450 complectitur.

251 2457 390 2501 Porro
410 2452 467 2499 ad
487 2450 782 2499 diuidendam
798 2450 1201 2519 proportionaliter
1218 2453 1265 2496 in
1285 2467 1432 2518 partes
1455 2466 1782 2521 quotcunque,
1805 2463 1851 2502 &

185 2538 321 2590 prout
338 2526 383 2568 in
403 2518 585 2568 diuersis
610 2517 787 2568 casibus
814 2519 1118 2568 commodum
1146 2517 1375 2567 videbitur
1398 2557 1410 2580 ,
1440 2518 1720 2587 propositam
1745 2526 1854 2570 coni

185 2590 477 2642 altitudinem
499 2587 591 2636 siue
608 2593 760 2657 potius
788 2587 957 2636 lineam
986 2592 1157 2636 rectam
1183 2584 1207 2634 a
1233 2592 1400 2635 vertice
1424 2588 1479 2637 ad
1511 2586 1625 2637 basis
1650 2589 1855 2658 periphe-

183 2663 295 2707 riam
313 2664 675 2726 pertingentem,
696 2675 795 2725 quae
815 2657 879 2704 est
900 2658 1047 2706 radius
1067 2658 1330 2725 quadrantis
1357 2675 1409 2703 ex
1429 2675 1525 2726 quo
1554 2656 1694 2706 debet
1711 2677 1853 2707 conus

185 2745 401 2794 exurgere
413 2725 637 2787 ‚tenenda
654 2727 718 2773 est
733 2725 980 2774 methodus
995 2736 1038 2775 ὃς
1055 2731 1196 2794 praxis
1217 2743 1358 2793 quam
1375 2729 1422 2773 in
1432 2727 1517 2774 hac
1538 2724 1851 2794 propositione

184 2795 478 2844 adhibuimus
499 2812 581 2862 pro
600 2794 866 2862 reperienda
881 2800 1137 2862 quantitate
1157 2798 1504 2844 &incremento
1531 2800 1852 2862 proportiona*

185 2865 216 2913 li
240 2863 486 2934 spatiorum
501 2863 726 2932 gradatim
753 2859 1052 2911 crescentium
1111 2883 1192 2911 uos
1211 2862 1367 2910 circuli
1384 2882 1511 2912 arcus
1539 2862 1848 2930 compleotunss

186 2951 258 2982 tur
278 2956 288 2982 ε
311 2932 428 2981 hanc
444 2947 597 2980 autern
616 2931 891 2981 methodum
910 2931 996 2980 tibi
1011 2951 1094 2999 exp
1117 2937 1204 2981 icat
1223 2930 1414 2998 sequens
1443 2931 1669 3000 appendix
1695 2933 1751 2982 de
1774 2930 1849 2980 vsu

186 3000 443 3052 tabularum
461 3005 799 3069 Tangentium‚
818 3010 902 3050 &c.

1570 3141 1689 3201 <rii
