2498 3898
618 269 690 306 124
909 236 1940 289 THAVlleTVRGlOPTICl

622 314 827 364 interesse
845 310 1116 360 arbitramur
1134 309 1192 357 ad
1217 311 1513 376 proieci-ionis
1538 310 1853 354 oeconomiam
1872 301 1966 353 siue
1987 321 2078 363 reS‚
2096 299 2189 351 siue
2211 300 2305 372 pla-

596 427 599 430 .
625 402 737 432 num
759 382 965 430 medium
984 379 1139 426 locum
1161 375 1388 425 obtineat.

698 457 870 503 Petitur
889 466 1044 496 autem
1068 466 1115 496 vt
1132 452 1223 494 'iam
1243 442 1371 513 supra
1391 447 1656 492 monuimus
1679 443 1836 514 aliqua
1860 448 1988 514 proie
2002 447 2211 492 &tionum
2240 441 2306 488 di-

630 519 810 570 uersitas
836 516 893 566 ab
922 515 1046 566 oculi
1072 516 1281 564 distantia
1299 555 1310 574 ‚
1334 511 1504 562 scilicet
1531 531 1582 560 ex
1607 513 1848 563 indefinita
1868 530 1969 581 quae
1990 511 2304 581 Ortograph'i-

628 608 734 650 6611,
756 608 806 636 ex
826 586 963 634 oculo
983 583 1221 633 obiectum
1239 602 1381 652 prope
1410 586 1715 651 contingente
1739 601 1839 651 quae
1868 580 2309 650 Stereogmphicen,

631 671 675 709 &
701 679 750 706 ex
772 656 885 704 iusto
907 652 1148 703 interuallo
1177 671 1276 721 quae
1296 650 1699 719 Scenographicen
1716 649 1838 702 facit.

699 726 787 776 Sed
807 723 899 772 sola
916 728 1007 771 iam
1026 722 1084 771 ad
1102 741 1199 770 rem
1219 722 1420 768 nostram
1437 718 1547 768 facit
1564 723 1907 791 Scenographia
1931 727 1978 770 in
2005 739 2148 791 quam
2176 726 2310 768 maxi-

630 815 753 845 mam
785 798 998 842 omnium
1032 796 1370 860 proieffionum
1406 788 1711 838 differentiam
1743 792 1922 840 inuehit
1962 796 2230 849 immutatus
2261 794 2310 837 in

631 865 770 934 plano
792 861 883 912 siue
905 858 1104 911 sectione
1129 857 1415 910 obuersionis
1444 855 1580 917 situs,
1608 877 1705 907 non
1732 860 1883 908 dicam
1911 865 2178 909 immutatus
2201 855 2312 909 situs

632 933 920 1003 simpliciter,
943 936 1024 1000 qui
1040 932 1189 999 potest
1216 932 1448 978 immutari
1474 924 1566 975 sola
1596 930 1886 979 transsatione
1907 970 1919 990 ,
1945 929 2057 978 dum
2081 925 2139 976 ab
2171 928 2309 976 oculo

633 1022 711 1052 aut
733 1001 791 1052 ab
808 999 996 1050 obiecto
1018 1000 1201 1069 longius
1221 999 1484 1046 dimouetur
1499 996 1571 1045 vel
1593 994 1651 1045 ad
1678 998 1755 1049 illa
1777 1003 1963 1067 propius
1990 997 2168 1046 accedit
2188 1024 2198 1056 ·,
2218 996 2311 1046 Etsi

635 1077 760 1120 enim
778 1091 829 1119 ex
848 1068 965 1119 illius
981 1069 1040 1118 ad
1057 1067 1246 1118 oculum
1264 1067 1335 1116 vel
1352 1065 1590 1115 obieotum
1605 1068 1898 1117 transsatione
1924 1086 2023 1115 non
2041 1071 2204 1135 exigua
2217 1085 2311 1115 mu-

635 1146 747 1190 tatio
773 1137 905 1207 poffit
923 1145 970 1188 in
987 1137 1183 1208 figuram
1201 1141 1452 1207 proiectam
1470 1134 1629 1184 inuehi
1648 1164 1659 1197 ·,
1679 1156 1776 1186 nori
1797 1138 1861 1186 est
1883 1156 2040 1186 tamen
2059 1135 2152 1184 haec
2172 1153 2313 1184 muta-

633 1216 697 1260 tio
720 1207 982 1270 essentialis,
999 1206 1074 1256 sed
1104 1203 1395 1256 solummodo
1414 1206 1708 1255 accidentalis
1727 1225 1866 1276 penes
1897 1206 2148 1276 figurarum
2175 1210 2315 1253 incre-

636 1297 846 1329 mentum
864 1289 907 1328 &
927 1278 1274 1327 decrementum
1294 1303 1305 1336 ·,
1329 1292 1545 1324 manente
1564 1275 1778 1325 videlicet
1799 1274 1977 1345 semper
2004 1281 2051 1324 in
2066 1274 2224 1324 tabula
2241 1293 2313 1322 eo-

635 1352 743 1398 dem
759 1345 1044 1396 obuersion'is
1062 1344 1148 1394 situ
1169 1343 1416 1414 respecstiue
1439 1343 1498 1392 ad
1514 1343 1703 1392 oculum
1722 1355 1766 1394 &
1787 1343 2037 1394 obiectum.
2056 1363 2096 1391 v.
2118 1363 2160 1413 g.
2183 1349 2247 1392 Ita
2266 1363 2312 1392 vt

636 1424 725 1467 axis
747 1421 927 1484 opticus
948 1413 1080 1463 illisit
1099 1413 1815 1483 perpendicularis,quantumuis
1835 1419 1951 1462 intra
1969 1410 2183 1482 sphaeram
2201 1418 2311 1462 asti-

636 1491 789 1535 uitatis
806 1483 950 1552 ipsam
976 1502 1212 1534 remoueas
1241 1500 1317 1531 aut
1344 1486 1615 1530 viciniorem
1638 1483 1823 1544 reddas,
1840 1483 1984 1531 modo
2003 1488 2051 1530 in
2068 1482 2149 1529 ista
2165 1500 2313 1530 muta-

636 1561 762 1605 tione
782 1551 866 1603 sibi
883 1550 1059 1622 semper
1077 1552 1254 1601 constet
1279 1551 1512 1620 paiallela,
1531 1569 1709 1600 certum
1734 1552 1823 1614 est,
1877 1553 2090 1621 otestquc
2117 1551 2312 1599 demon-

635 1627 759 1674 strari
782 1641 834 1670 ex
852 1636 906 1672 16.
925 1623 1157 1672 vndecimi
1178 1620 1321 1669 Elem.
1342 1619 1538 1690 figuram
1562 1624 1814 1688 proieestam
1857 1640 2014 1690 emper
2039 1618 2124 1669 sibi
2152 1616 2252 1668 fore
2267 1619 2314 1669 fi-

635 1691 796 1742 milern
821 1690 1115 1740 Geometrice
1142 1701 1186 1739 δε
1208 1688 1386 1758 opace,
1407 1694 1618 1757 quamuis
1643 1691 1937 1759 inaequalem,
1957 1690 2088 1760 quod
2116 1695 2311 1755 pyramis

636 1767 792 1832 optica
819 1760 1100 1829 intelligatur
1129 1757 1266 1808 secari
1290 1757 1315 1807 a
1341 1757 1523 1808 duobus
1551 1757 1695 1826 planis
1731 1763 1849 1808 inter
1877 1756 1918 1807 se
1946 1754 2194 1828 parallelis:
2214 1777 2313 1807 non

637 1851 749 1901 ergo
780 1831 886 1878 inde
911 1834 1053 1878 oritur
1082 1827 1263 1897 proprie
1289 1826 1602 1876 dissimilitudo
1628 1825 1704 1875 sed
1732 1827 2012 1897 inaequalitas
2031 1869 2044 1888 ‚
2073 1845 2172 1896 quae
2190 1828 2311 1877 diffe-

640 1905 834 1950 rentiam
853 1902 1193 1967 proiectionum
1208 1895 1486 1946 essentialem
1504 1913 1602 1944 non
1620 1897 1869 1946 constituit.

708 1969 796 2019 Sed
822 1964 1146 2037 appositissime
1173 1967 1231 2014 ad
1255 1985 1353 2014 rem
1382 1965 1584 2014 nostram
1616 1964 1731 2014 mihi
1754 1966 1936 2017 videtur
1968 1967 2054 2015 effe
2077 1966 2314 2014 aduerten-

639 2042 749 2088 dum
767 2037 897 2108 quod
916 2054 1048 2085 notat
1066 2034 1335 2085 Scheinerus
1354 2040 1400 2082 in
1415 2033 1785 2104 Pantographice
1800 2054 1869 2084 res
1897 2035 2091 2105 aequales
2116 2035 2188 2084 vel
2217 2040 2314 2084 inae-

640 2107 797 2178 quales
809 2107 894 2155 effe
915 2103 1166 2154 secundum
1175 2108 1482 2172 quantitatem
1495 2132 1506 2164 3
1518 2102 1684 2152 similes
1701 2123 1810 2152 vero
1824 2105 1895 2153 vel
1914 2102 2143 2153 dissimiles
2163 2101 2313 2153 secun-

642 2180 754 2228 dum
770 2176 1219 2246 qualitatemltaque
1232 2174 1381 2242 potest
1391 2214 1403 2233 ‚
1413 2170 1560 2241 vtipse
1570 2178 1631 2221 ait
1642 2214 1655 2234 ‚
1666 2173 1754 2222 effe
1772 2185 1840 2223 re's
1853 2173 1982 2223 alteri
1991 2171 2313 2234 fimimilis,sed

640 2266 737 2297 non
748 2245 997 2315 aequalis3vt
1006 2242 1199 2293 circulus
1216 2247 1369 2291 minor
1380 2242 1445 2290 est
1453 2240 1607 2290 similis
1620 2247 1797 2305 maiori,
1810 2244 2037 2312 quadratu
2053 2248 2198 2293 maius
2208 2262 2313 2312 qua-

630 2317 772 2365 'drato
800 2318 994 2373 minori,
1020 2323 1101 2362 816.
1130 2313 1283 2362 Potest
1307 2311 1392 2361 effe
1418 2311 1622 2381 aequalis,
1641 2309 1831 2361 sednon
1857 2311 2011 2362 similis
2031 2339 2042 2373 ·‚
2059 2329 2107 2361 vt
2128 2313 2315 2381 quadra-

642 2404 740 2435 tum
759 2382 988 2453 triangulo
1007 2380 1201 2451 aequale,
1217 2399 1315 2429 non
1330 2399 1485 2430 tamen
1500 2377 1645 2429 simile
1660 2381 1736 2430 est.
1758 2384 1913 2431 Potest
1928 2382 2014 2431 esse
2035 2392 2080 2431 &
2095 2379 2250 2431 similis
2271 2394 2316 2433 &

643 2455 847 2523 aequalis,
863 2471 912 2501 vt
929 2448 1095 2520 spliaera
1110 2448 1283 2519 sphaerae
1300 2451 1507 2519 aequalis‚
1530 2460 1574 2499 ὃς
1592 2448 1746 2499 similis
1762 2451 1839 2499 est.
1866 2452 2020 2501 Potest
2047 2451 2133 2499 effe
2157 2470 2314 2520 neque

643 2522 796 2573 similis
814 2540 967 2590 neque
983 2520 1186 2589 aequaliS,
1198 2538 1246 2568 vt
1265 2519 1546 2589 triangulum
1559 2516 1826 2587 inscriptum
1840 2517 2315 2588 velcircumscriptum

641 2591 814 2642 circulo
835 2607 988 2673 neque
1003 2587 1146 2638 simile
1164 2606 1319 2657 neque
1338 2608 1370 2636 :e
1410 2588 1604 2657 uale5st.
1641 2592 1698 2636 Et
1713 2586 1807 2637 haec
1828 2590 2022 2657 quidem
2047 2586 2254 2638 absolute?
2269 2600 2316 2639 &

643 2664 936 2711 Geometrice
955 2655 1239 2706 considerata
1254 2661 1316 2706 ita
1330 2655 1372 2705 se
1405 2656 1569 2706 iabent
1581 2683 1592 2717 ·,
1604 2655 1759 2725 optice
1776 2676 1885 2706 vero
1904 2656 2102 2728 spectata
2117 2656 2316 2707 Philoso-

643 2730 800 2799 phiam
826 2727 961 2777 aliam
987 2732 1202 2795 exigunt:
1221 2732 1348 2775 Nam
1374 2724 1408 2774 si
1431 2724 1613 2795 legibus
1642 2745 1670 2773 o
1709 2730 1807 2776 ticis
1841 2729 2217 2798 progrediemur,
2245 2747 2316 2777 res

645 2796 943 2849 diffimillimae
962 2794 1150 2857 ssmiles,
1168 2793 1515 2864 inaequalissimae
1541 2745 1735 2865 aequales
1759 2796 1846 2846 esse
1871 2796 2158 2866 putabuntur
2185 2806 2231 2845 δε
2257 2797 2317 2845 di-

645 2886 818 2918 centur.
875 2871 946 2916 516
977 2869 1177 2934 Opticus
1203 2884 1255 2913 ex
1279 2862 1392 2914 visus
1418 2865 1666 2915 diotamine
1682 2907 1696 2927 ‚
1724 2862 1867 2914 solem
1893 2863 2137 2915 affirmabit
2171 2875 2215 2914 &
2245 2866 2317 2914 de-

644 2934 916 2986 monstrabit
935 2932 1088 3003 optice
1108 2934 1194 2983 effe
1217 2933 1438 2983 circulum
1454 2962 1465 2994 3
1479 2932 1540 2984 fic
1558 2932 1817 2999 cylindrum
1834 2935 1956 2984 dices
1973 2936 2060 2983 esse
2077 2933 2316 2997 circulum,

644 3005 716 3054 vel
735 3004 1127 3075 quadrangulum,
1143 3003 1215 3052 vel
1234 3002 1408 3070 aliquid
1422 3003 1546 3052 aliud
1578 3020 1714 3071 prout
1762 3003 1891 3052 rocul
1909 3001 2112 3073 aspecstus
2133 3003 2317 3072 planam

648 3078 914 3144 quampiam
930 3072 1125 3141 figuram
1141 3069 1251 3123 visui
1268 3077 1513 3121 ementitus
1554 3075 1667 3119 uerit
1684 3096 1696 3130 ς
1716 3021 1778 3121 gc
1798 3071 1995 3143 figuram
2012 3073 2197 3142 planam
2213 3090 2319 3141 qua-

649 3162 834 3212 cunque
851 3141 1007 3191 afferet
1025 3141 1110 3189 effe
1131 3140 1324 3202 lineam,
1341 3141 1572 3191 &lineam
1595 3144 1768 3190 restam
1791 3146 1910 3191 inter
1933 3147 2104 3211 puncta
2130 3145 2314 3190 reiiciet.

647 3213 960 3260 Fundamenta
981 3210 1148 3260 horum
1169 3228 1221 3257 ex
1239 3228 1295 3257 eo
1313 3207 1550 3259 sumuntur
1567 3209 1699 3279 quod
1713 3208 1826 3260 visus
1851 3211 2110 3260 distantiam
2135 3215 2253 3259 inter
2272 3207 2315 3260 se

648 3288 692 3327 δε
707 3300 774 3328 res
793 3278 952 3347 procul
971 3277 1079 3329 visas
1099 3283 1385 3328 interiectam
1404 3297 1483 3348 pei·
1501 3277 1542 3328 se
1561 3296 1659 3329 non
1679 3276 2000 3341 discernit,sed
2017 3283 2173 3329 omnia
2188 3277 2317 3396 quasi

648 3352 695 3395 in
712 3366 802 3396 vno
821 3349 958 3416 plano
978 3353 1172 3400 iacentia
1189 3348 1573 3418 comprehendit:
1591 3352 1656 3398 Ex
1673 3365 1770 3417 quo
1790 3347 1934 3400 rursus
1951 3354 2182 3409 euenit,vt
2219 3365 2314 3397 icut
