2498 3898
624 233 874 283 LIBER
948 226 1427 281 SECVNDVS]
1814 245 1872 295 '1'55

196 305 309 355 libet
338 305 505 355 deinde
536 304 728 352 laterum
760 300 873 352 basis
901 302 1119 350 medietas
1147 307 1194 349 in
1223 319 1309 349 tres
1337 318 1483 369 partes
1516 299 1707 366 aequales
1730 300 1874 350 distri-

196 376 534 441 buatur‚atque
551 371 610 420 ab
631 372 813 420 istarum
836 368 1111 419 diuisionum
1128 374 1306 438 punffiiis
1330 369 1526 417 totidem
1550 368 1675 415 lineae
1694 373 1810 416 inter
1829 368 1870 417 se

195 455 240 494 &
260 449 350 491 iarn
365 460 498 491 antea
515 442 660 489 durstis
681 459 879 509 quatuor
899 439 1059 487 mediis
1082 438 1298 506 parallelae
1323 438 1569 497 ducantur,
1590 437 1738 484 donec
1750 455 1871 485 extra

198 511 482 581 pyramidem
510 525 772 568 excurrant:
797 506 830 556 si
854 526 1008 556 autem
1067 511 1229 572 yramis
1260 506 1416 554 exacte*
1436 516 1478 555 δε
1498 505 1763 574 regulariter
1779 501 1871 551 for-

194 598 318 628 mata
338 577 473 628 fuerit
492 584 600 629 &in
619 578 838 626 ducendis
864 576 992 624 lineis
1010 595 1035 623 a
1075 590 1270 622 erratum
1297 588 1393 621 non
1418 572 1493 635 sit,
1514 574 1639 622 lineae
1667 573 1775 622 hinc
1801 578 1869 621 in-

195 651 251 698 de
272 647 503 718 aequaliter
521 645 544 695 a
562 646 723 694 mediis
741 644 892 693 diffitae
911 655 953 694 &
971 649 1017 691 in
1038 643 1179 711 planis
1199 647 1429 711 contiguis
1457 640 1608 711 positae
1642 661 1763 690 extra
1789 659 1870 709 py2-

192 720 418 766 ramidem
448 715 740 784 egredientur
764 712 855 761 siue
880 712 1101 782 angulum
1134 712 1377 780 pyramidis
1409 709 1540 760 simul
1557 710 1775 759 secabunt
1791 728 1868 758 eo*-

197 787 369 834 demin
390 788 562 852 puncto
576 810 587 842 3
602 788 684 833 Per
702 782 795 831 haec
814 800 969 830 autem
991 786 1182 849 purifica,
1205 786 1251 827 in
1271 779 1439 847 quibus
1462 777 1631 828 scilicet
1650 779 1869 846 parallelae

199 856 286 903 istae
306 896 318 915 ‚
347 853 590 923 pyramidis
625 852 853 920 assumptae
893 849 1086 920 angulos
1131 848 1260 897 simul
1305 845 1576 896 intersecant
1602 887 1614 907 ,
1649 848 1868 896 ducendae

198 942 330 972 erunt
348 919 599 971 transuersae
616 919 767 981 lineae,
785 925 902 969 inter
925 918 967 967 se
988 929 1031 968 &
1047 916 1142 967 bas1
1162 915 1243 985 ipsi
1265 915 1482 985 parallelae
1502 932 1601 986 quae
1623 930 1729 965 cum
1746 922 1869 984 prio-

197 991 320 1041 ribus
340 992 537 1040 totidem
553 996 601 1038 in
619 989 845 1038 inclinatis
872 993 1070 1036 inuicem
1092 987 1234 1055 planis
1257 986 1500 1054 pyramidis
1528 985 1756 1054 quadratae
1783 1004 1871 1033 traa-

201 1067 326 1131 pezia
346 1060 545 1109 efficient
562 1101 574 1120 ,
595 1076 712 1128 quot
728 1063 775 1105 in
795 1074 1044 1126 prototypo
1071 1056 1291 1124 quadrata
1316 1050 1441 1103 fuere
1468 1054 1694 1103 delineata
1710 1092 1722 1114 ,
1741 1055 1860 1103 vnde

197 1141 241 1181 δέ
260 1131 282 1178 e
300 1128 485 1198 singulis
508 1132 742 1196 prototypi
757 1121 1203 1195 quadratis‚s1ngulae
1222 1128 1431 1191 imaginis
1452 1141 1624 1192 partes,
1643 1128 1689 1170 in
1701 1123 1868 1173 homo—-

197 1199 305 1268 loga
322 1201 521 1266 trapezia
541 1196 781 1256 transsatae,
802 1198 969 1243 caeteris
989 1191 1238 1240 obseruatis
1256 1209 1304 1241 vt
1322 1189 1450 1259 supra
1467 1232 1479 1252 ‚
1498 1211 1604 1240 eum
1633 1210 1775 1260 quem
1802 1199 1870 1241 in*

198 1267 428 1316 tendimus
452 1265 668 1314 effectum
687 1263 1038 1333 consequentur.

268 1336 356 1385 Sed
374 1334 487 1382 illud
506 1353 603 1382 non
623 1334 686 1381 est
704 1332 1067 1401 praetereundum
1085 1331 1142 1379 ad
1162 1334 1418 1399 imaginum
1436 1329 1753 1379 reducffionem
1782 1344 1876 1398 p'er-
1935 1362 1941 1368 -

201 1409 374 1465 tineus,
395 1403 524 1473 quod
543 1421 649 1452 cum
668 1408 715 1450 in
734 1402 965 1470 pyramide
987 1399 1045 1448 ab
1061 1415 1152 1447 vno
1173 1400 1310 1468 plano
1329 1404 1376 1446 in
1403 1399 1525 1447 aliud
1549 1397 1875 1448 transeundum

203 1475 288 1534 est,
309 1474 424 1522 ordo
450 1483 493 1522 &
519 1470 624 1521 situs
654 1476 959 1540 trapeziorum
985 1474 1047 1518 ita
1073 1487 1295 1527 mutatur,
1319 1485 1367 1515 vt
1393 1468 1522 1536 quod
1552 1475 1598 1515 in
1622 1487 1713 1515 vno
1737 1468 1876 1536 plano

195 1541 537 1611 longitudinem
555 1539 924 1609 repraesentabat,
939 1544 987 1587 in
1007 1545 1230 1606 contigua
1246 1535 1480 1603 superficie
1500 1536 1789 1585 latitudinem
1809 1555 1877 1585 re-

198 1608 455 1678 praesentet,
474 1611 603 1678 quod
624 1606 706 1657 nisi
724 1606 1040 1656 obseruaretur
1062 1611 1284 1675 imagines
1305 1606 1560 1654 admodum
1578 1603 1808 1655 deformes
1829 1616 1874 1656 δὲ

198 1679 370 1728 mutilae
390 1686 527 1728 etiam
544 1677 699 1747 optice
719 1682 1027 1746 prouenirent.

477 1816 1118 1871 COROLLARIVM
1188 1819 1586 1867 TERTIVM.

313 2027 580 2099 quagefimo
600 2034 747 2097 primo
766 2026 884 2077 Tab.
902 2051 966 2089 29.
996 2029 1177 2098 poffunt
1214 2030 1352 2074 etiam
1381 2000 1641 2074 huiusmodi
1671 2022 1877 2093 designass

198 2106 348 2149 tiones
368 2097 465 2146 fieri
490 2103 537 2145 in
557 2115 749 2166 Vtraque
770 2095 1005 2166 superficie
1028 2100 1234 2146 interiori
1255 2094 1469 2143 videlicet
1495 2106 1537 2144 &
1565 2099 1774 2143 exteriori
1799 2112 1880 2160 pyw

198 2167 380 2217 ramidis
399 2167 682 2236 triangularis
696 2209 708 2229 ‚
732 2182 1029 2236 pentagonae,
1051 2166 1325 2234 hexagonae‚
1347 2162 1619 2233 heptagonae
1637 2202 1648 2221 ,
1680 2167 1878 2230 odtogou

199 2256 288 2297 nae,
316 2246 399 2284 &a
419 2251 715 2304 prototypam
733 2239 984 2283 imaoinem
1005 2233 1234 2297 triangulo
1262 2237 1382 2301 prius
1420 2233 1746 2282 concludendo
1773 2230 1807 2279 si
1831 2235 1879 2279 in

198 2305 485 2375 pyramidem
511 2276 854 2353 triangularemb
865 2301 1099 2353 transcribi
1124 2288 1296 2350 debeat
1321 2328 1332 2359 ε,
1357 2298 1431 2348 vel
1457 2320 1728 2371 pentagono
1754 2299 1880 2349 illam

200 2347 658 2433 circumscribendo,D
660 2371 692 2421 si
704 2371 871 2422 debeat
891 2378 937 2420 in
958 2389 1230 2441 pentagonae
1248 2369 1383 2437 plana
1405 2368 1683 2439 consignari,
1703 2381 1785 2419 &c.
1811 2374 1879 2436 ip-

199 2442 386 2511 samque
403 2441 586 2490 vlterius
610 2442 862 2493 diuidendo
884 2460 964 2510 per
980 2438 1129 2489 radios
1149 2437 1221 2487 seu
1244 2438 1381 2486 lineas
1399 2438 1456 2485 ad
1466 2436 1878 2487 circumscribentis

200 2510 356 2578 figurae
372 2528 583 2560 centrum
606 2527 951 2570 concurrentes,
978 2510 1107 2579 quod
1132 2508 1376 2577 pyramidis
1401 2512 1621 2555 verticem
1651 2502 1882 2575 repraesen-

201 2568 340 2642 tabit,
362 2599 447 2629 nec
466 2596 563 2628 non
584 2598 665 2648 per
685 2579 815 2648 plura
830 2585 1010 2628 minora
1027 2576 1252 2646 triangula
1267 2594 1344 2624 aut
1372 2592 1637 2645 pentagona
1669 2579 1880 2624 exteriori

201 2648 413 2717 parallela
434 2660 478 2698 ὃς
496 2654 815 2709 concentrica‚
835 2668 935 2718 quae
954 2648 1111 2717 postea
1126 2651 1173 2694 in
1191 2645 1425 2714 pyramide
1450 2650 1784 2693 conuenienter
1811 2661 1879 2690 ex-

203 2722 458 2786 primentur
475 2715 618 2765 diuiso
634 2735 741 2765 arcu
758 2719 1023 2786 quadrantis
1035 2758 1048 2777 ,
1067 2735 1119 2764 ex
1138 2728 1234 2784 quo
1252 2713 1393 2762 debet
1412 2719 1606 2782 pyramis
1636 2715 1877 2780 componi,

203 2791 252 2834 in
270 2786 465 2834 totidem
486 2803 633 2854 partes
663 2785 856 2854 aequales
875 2828 887 2847 ‚
914 2803 1032 2855 quot
1059 2784 1201 2834 habet
1228 2784 1366 2831 latera
1394 2780 1682 2851 polygonum
1709 2784 1879 2848 imagi-

202 2873 311 2903 nem
331 2852 705 2903 circumscribens
727 2881 738 2913 3
761 2859 809 2901 in
826 2872 913 2903 tres
930 2859 1168 2913 nimirum,
1189 2850 1221 2899 si
1239 2850 1469 2921 triangulo
1499 2857 1654 2921 imago
1683 2849 1876 2899 conclua

204 2923 326 2972 ditur
347 2951 357 2983 -,
378 2928 425 2971 in
451 2928 565 2991 quin
605 2941 662 2971 ue
678 2964 692 2983 ‚
722 2920 756 2970 fi
785 2941 1053 2992 pentagono
1074 2964 1087 2983 ‚
1116 2917 1352 2988 duotisque
1378 2938 1458 2988 per
1483 2920 1615 2968 huius
1644 2915 1877 2968 diuisionis

204 2996 376 3060 pund'ta
398 2941 618 3040 subtenffs
638 3032 651 3051 ‚
676 3008 724 3039 vt
752 2996 801 3040 in
826 2989 1031 3062 exposito
1055 2992 1385 3060 diagrammate
1409 2991 1503 3049 LI,
1528 3009 1611 3058 pro
1643 2985 1874 3058 pyramide

205 3061 428 3129 quadrata
444 3061 575 3129 quod
592 3061 657 3108 est
671 3059 812 3108 veluti
831 3062 1118 3130 paradigma,
1136 3078 1188 3107 ex
1206 3076 1301 3126 quo
1333 3055 1592 3107 desumatur
1615 3054 1770 3125 regula
1795 3072 1873 3122 ge-

205 3129 369 3177 neralis
390 3148 472 3197 pro
489 3130 579 3178 istis
598 3125 993 3197 defignationibus
1011 3135 1060 3179 in
1079 3126 1288 3198 qualibet
1311 3128 1543 3195 pyramide
1574 3120 1803 3195 proposita
1830 3132 1874 3169 δε

206 3196 449 3267 conspecta
464 3215 513 3246 vt
528 3202 805 3246 monuimus.

194 1957 369 2095 ΡΗ·
386 1961 598 2009 traditam
617 1965 663 2008 in
680 1955 992 2027 propositione
1011 1956 1288 2008 methodum
1307 1975 1358 2003 ex
1379 1956 1707 2005 diaorammate
1741 1961 1877 2023 quin-

1584 3267 1705 3325 vij
