2498 3898
659 210 707 257 5⁶
945 192 1627 242 THAVMATVRGI
1702 193 2022 240 OPT1C1

654 282 703 311 ac
722 261 991 312 diametralis
1009 279 1026 308 t
1049 265 1096 318 F,
1124 259 1321 327 ideoque
1343 278 1394 306 ex
1413 259 1625 326 praedie'ta
1645 258 1800 306 radiali
1813 257 2045 308 abscindet
2067 263 2327 327 portionem

644 347 714 404 pq
733 350 816 400 pro
837 333 1100 398 apparentia
1118 327 1662 395 lateris-perpendicularis
1684 334 1712 377 P
1726 330 1775 388 Q
1788 325 1995 397 ‚ipsaque
2016 333 2095 378 erit
2113 347 2330 396 apparea*

656 404 718 450 tia
739 401 884 450 lateris
904 401 1003 461 QR
1027 397 1156 466 quod
1175 397 1300 444 estin
1321 396 1460 463 plano
1476 399 1756 466 geometrico
1777 396 1900 445 lineae
1920 413 2040 445 terrae
2055 398 2327 466 parallelum

656 470 729 519 Est
748 474 869 520 enim
889 472 1026 516 eriam
1048 467 1141 515 haec
1159 468 1495 533 proiecstionum
1514 469 1562 518 in
1581 463 1745 519 tabulis
1774 468 1906 516 restis
1930 475 1976 515 &
2009 465 2154 534 planis
2177 467 2328 537 regula

659 538 896 609 generali8‚
913 536 1050 585 lineas
1067 553 1227 584 omnes
1245 538 1295 582 in
1320 533 1460 601 plano
1488 537 1780 585 Geometrico
1810 531 2054 586 vitrei-basi
2115 535 2328 595 arallelas,

654 614 705 658 in
720 606 852 657 sceno
889 606 1042 672 raphia
1064 621 1290 652 remanere
1306 603 1390 657 fibi
1410 606 1606 655 inuicem
1629 613 1676 654 &
1705 604 1849 653 eidem
1873 553 2119 655 vitrei-basi
2139 606 2329 671 paralle-

649 678 711 726 las
733 696 745 730 3
774 671 848 724 sed
903 693 960 724 aec
983 671 1414 722 demonstrabuntur
1433 672 1587 741 postea
1610 670 1691 722 suo
1710 672 1831 723 loco.

722 744 920 795 Aduerte
937 744 1120 792 interim
1140 759 1225 790 nos
1249 739 1402 791 dixisse
1422 740 1608 810 quidem
1617 741 1734 792 hanc
1746 743 1987 810 planorum
1996 738 2329 812 scenographi-

657 814 708 865 (ὲ
728 809 1125 864 describendortun
1146 808 1418 860 methodum
1437 809 1552 863 nihil
1580 808 1663 863 effe
1679 811 1796 860 aliud
1808 828 1974 881 ‚quarn
1996 811 2329 881 quadratorum

655 882 1060 933 diminuendorum
1079 883 1270 947 praxim,
1286 896 1386 949 quae
1400 879 1542 928 latera
1557 879 1650 929 duo
1668 882 1868 931 habeant
1887 879 2156 932 lineae-terrae
2179 881 2330 948 paral-

650 950 733 1001 lela
748 969 869 1005 mon
890 966 1127 1018 propterea
1151 948 1317 1017 semper
1331 947 1417 1001 effe
1426 947 1713 1000 necessarium
1729 950 1822 999 haec
1838 949 2058 1020 quadrata
2080 952 2257 1019 integra
2276 953 2327 999 in

654 1017 874 1072 eiusmodi
894 1018 1235 1088 operationibus
1255 1021 1520 1086 exprimere,
1539 1016 1615 1069 sed
1634 1019 2030 1068 mediam-tantum
2040 1017 2224 1066 illorum
2235 1037 2330 1086 par-

654 1104 746 1138 tem
767 1105 819 1139 vt
841 1086 1086 1157 plurimum
1102 1082 1323 1156 supponi,
1341 1089 1620 1156 triangulum
1639 1107 1804 1156 nempe
1829 1084 2046 1143 isosceles,
2071 1090 2192 1136 cuius
2214 1086 2329 1136 latus

653 1175 793 1208 vnum
823 1157 882 1206 est
910 1160 957 1205 in
985 1155 1256 1208 linea-‘terrae
1277 1193 1292 1213 ,
1313 1156 1503 1207 alterum
1531 1157 1615 1226 ipsi
1650 1156 2013 1225 perpendiculare
2033 1176 2047 1211 3
2064 1157 2187 1205 aliud
2217 1174 2326 1206 vero

651 1242 747 1346 {uo
782 1226 1069 1276 subtenditur
1097 1225 1289 1297 angulus
1316 1229 1458 1279 tedrus
1487 1225 1782 1297 diagonalem
1812 1227 2028 1298 quadrati
2054 1225 2222 1276 lineam
2250 1243 2330 1274 re-

682 1311 760 1347 ert.
2232 1313 2234 1315 ’

744 1363 1038 1432 Propositum
1055 1364 1134 1422 sit,
1156 1364 1350 1431 exempli
1366 1360 1521 1423 causa,
1539 1367 1847 1432 apparentiam
1873 1368 2033 1434 punffi
2057 1368 2091 1415 A
2110 1367 2161 1416 in
2179 1364 2328 1430 primo

650 1432 977 1504 diagrammate
1004 1437 1193 1501 reperire
1214 1454 1225 1487 ς
1246 1450 1345 1481 non
1373 1434 1456 1480 erit
1483 1433 1766 1484 necessarium
1795 1435 2068 1504 quadratum
2096 1437 2329 1500 integrum

651 1508 700 1554 D
714 1505 762 1551 O
776 1504 871 1552 AC
890 1498 1106 1571 figurare,
1122 1498 1197 1556 sed
1211 1501 1359 1551 media
1371 1516 1546 1553 tantum
1565 1502 1678 1555 illius
1688 1519 1788 1570 pars
1805 1503 1880 1551 hic
1899 1501 2192 1570 supponitur,
2203 1517 2331 1551 nem-

649 1589 707 1640 pe
724 1569 1006 1640 triangulum
1025 1568 1229 1621 isosceles
1248 1575 1292 1619 D
1308 1574 1421 1629 CA,
1437 1568 1710 1640 supponitur
1731 1577 1920 1641 inquam
1937 1609 1950 1631 ,
1964 1574 2069 1641 quia
2086 1588 2237 1640 neque
2252 1569 2331 1619 ab·

652 1637 801 1691 solute
822 1657 937 1706 opus
956 1639 1017 1688 est
1033 1639 1146 1690 illud
1166 1637 1437 1696 describere,
1455 1642 1600 1691 modo
1620 1643 1704 1691 tria
1722 1640 1974 1691 habeantur
1989 1638 2262 1708 angulorum
2274 1639 2328 1685 il-

647 1710 738 1763 lius
764 1711 933 1776 punita
950 1745 964 1768 ,
1028 1726 1192 1760 uorum
1215 1711 1409 1778 primum
1434 1709 1495 1758 est
1523 1714 1572 1763 in
1600 1711 1787 1762 obicere
1818 1705 2081 1778 proposito,
2107 1711 2328 1761 nimirum

652 1779 880 1846 punctum
899 1781 939 1828 A
956 1725 1172 1832 salterum
1189 1781 1240 1828 in
1256 1781 1298 1827 C
1314 1775 1441 1845 super
1461 1776 1775 1837 vitrei-basim,
1794 1779 1874 1828 vbi
1899 1781 1926 1831 a
1953 1781 2104 1846 primo
2129 1795 2328 1846 perpen-

649 1845 859 1897 dicularis
879 1846 999 1895 cadit
1017 1850 1058 1897 A
1071 1853 1111 1898 C
1131 1865 1143 1900 5
1168 1849 1350 1896 tertium
1368 1865 1476 1898 vero
1499 1851 1729 1899 inuenitur
1753 1849 1992 1899 statuendo
2022 1847 2209 1898 alterum
2235 1850 2327 1897 cir-

651 1918 742 1965 cini
760 1914 922 1982 pedem
941 1917 990 1964 in
1009 1931 1211 1967 extremo
1231 1915 1607 1984 perpendicularis
1625 1919 1802 1986 punito
1825 1922 1868 1968 C
1889 1933 1989 1987 quo
2006 1913 2157 1986 tangit
2167 1919 2327 1965 vitrei-

651 1981 820 2043 bafim,
843 1982 985 2034 altero
1006 1987 1054 2034 in
1070 1987 1296 2052 primirum
1315 1990 1351 2035 A
1370 1985 1576 2044 extenso,
1589 1983 1882 2038 describendo
1902 2003 2056 2036 arcum
2077 1985 2322 2037 circuliAD

653 2053 734 2124 qui
759 2052 963 2102 eamdem
981 2053 1295 2101 lineam-terra:
1315 2057 1552 2123 pertinget
1568 2061 1615 2104 in
1639 2054 1803 2106 eodem
1822 2058 2022 2121 puncto,
2037 2059 2086 2103 in
2106 2070 2204 2122 quo
2223 2071 2327 2104 tan-

651 2137 776 2192 geret
798 2120 1052 2191 diagonalis
1073 2126 1165 2172 AD
1180 2159 1194 2177 ,
1219 2121 1347 2192 quod
1366 2121 1546 2172 videtur
1574 2124 1658 2177 esse
1682 2120 1855 2172 facilius
1878 2120 2113 2192 maiusque
2141 2122 2326 2190 expedi-

653 2208 753 2241 tum
780 2191 838 2242 ad
871 2195 1046 2258 praxim
1066 2229 1081 2251 ‚
1112 2195 1251 2261 quarn
1277 2186 1312 2239 si
1348 2189 1586 2244 necessario
1614 2189 1819 2243 ducenda
1834 2191 1940 2245 effer
1958 2189 2053 2259 ipsa
2066 2191 2323 2261 diagonalis

717 2329 804 2379 Sed
829 2347 914 2378 nec
934 2329 1110 2399 alioqui
1127 2329 1301 2378 videtur
1321 2346 1438 2398 opus
1465 2328 1549 2381 effe
1574 2327 1720 2398 ipsum
1743 2326 1965 2381 delineare
1987 2327 2139 2378 circuli
2161 2329 2330 2386 arcumj

652 2398 685 2447 si
714 2397 899 2467 quidem
930 2395 1067 2470 asque
1089 2418 1145 2455 eo
1174 2398 1304 2468 quod
1340 2395 1610 2453 describatur
1629 2435 1644 2453 ‚
1668 2398 1921 2467 longitudo
1947 2396 2324 2466 perpendicularis

652 2473 693 2517 C
707 2471 745 2518 A
770 2471 889 2518 reike
906 2468 1054 2535 potest
1073 2470 1120 2516 in
1137 2468 1255 2516 linea
1275 2484 1399 2519 terrae
1413 2463 1438 2514 a
1457 2469 1633 2535 punCro
1650 2472 1690 2516 C
1717 2471 1763 2515 'm
1782 2472 1828 2516 D
1847 2465 2102 2523 transferri,
2121 2475 2166 2518 &
2199 2465 2324 2515 idem

654 2540 875 2604 punstum
892 2536 1068 2605 signare
1085 2554 1169 2603 pro
1183 2535 1455 2585 diametralis
1474 2537 1678 2604 origine,
1701 2537 1833 2605 quod
1853 2534 2047 2605 signaret
2065 2551 2192 2584 arcus
2209 2537 2250 2584 A
2263 2540 2323 2586 D.-

652 2604 891 2670 tyronibus
914 2621 1069 2653 tamen
1087 2605 1216 2654 huius
1234 2607 1340 2654 artis
1364 2602 1636 2653 consulerem
1656 2603 1742 2654 hos
1761 2605 1913 2654 circuli
1932 2621 2055 2655 arcus
2072 2600 2244 2671 semper
2261 2602 2324 2651 fi-

652 2674 793 2743 gnate
813 2674 1037 2724 delineare
1057 2674 1155 2744 quo
1189 2677 1338 2723 minus
1363 2676 1653 2742 operationes
1678 2671 1771 2723 suas
1801 2671 2117 2731 confundant,
2136 2668 2324 2721 facilius-

652 2759 742 2811 que
760 2739 1039 2814 dignoscant
1048 2739 1355 2812 cuiuscunque
1364 2741 1488 2795 lineae
1509 2742 1680 2791 radialis
1697 2759 1777 2792 aur
1800 2741 2073 2793 diametralis
2093 2756 2250 2790 ortum
2272 2750 2319 2792 δε

648 2814 877 2883 originem
897 2851 913 2869 ‚
936 2811 972 2860 si
1002 2812 1188 2881 quidem
1218 2827 1378 2860 mutua
1405 2810 1581 2860 illarum
1609 2809 1872 2863 intersestio
1911 2816 1959 2861 in
1993 2809 2324 2880 scenographia

654 2884 879 2946 puncstum
907 2878 1044 2931 refert
1073 2879 1145 2932 seu
1173 2881 1365 2930 denotat
1390 2877 1530 2950 aquo
1548 2879 1691 2932 ambae
1707 2883 1939 2950 originem
1954 2880 2141 2931 duxere;
2164 2895 2322 2947 quem·

655 2949 905 3001 admodum
923 2948 1100 3000 radialis
1117 2970 1138 2999 c
1155 2955 1189 2999 E
1212 2958 1257 3001 &
1277 2948 1550 3000 diametrahs
1570 2949 1598 2999 d
1610 2953 1638 2999 F
1667 2954 1717 2999 in
1743 2946 1817 2998 sua
1842 2946 2165 2998 interseffione
2178 2965 2321 3014 appa-

654 3021 846 3069 rentiam
868 3019 1050 3089 signant
1075 3020 1236 3087 puntffi
1254 3022 1292 3069 A
1312 3019 1436 3087 plani
1459 3021 1734 3080 Geometrici
1750 3055 1764 3076 ,
1787 3022 1899 3087 quia
1928 3017 1987 3068 ab
2008 3033 2065 3066 eo
2093 3019 2320 3085 originem

649 3086 867 3145 trahunt,
891 3087 1068 3139 radialis
1084 3087 1274 3158 quidem
1300 3087 1524 3139 mediante
1554 3087 2036 3155 perpendiculariAc,
2055 3084 2319 3137 diametralis

648 3172 759 3205 vero
782 3173 861 3224 per
882 3173 1034 3206 arcum
1055 3156 1204 3206 circuli
1219 3163 1259 3208 A
1273 3161 1332 3206 D.

716 3225 998 3279 Notandum
1018 3241 1210 3294 quoque
1235 3226 1319 3286 est,
1338 3221 1513 3278 etiamsi
1547 3224 1988 3295 perpendicularium
2005 3222 2319 3293 longitudines

646 3310 726 3362 per
751 3295 1017 3349 circulorum
1032 3311 1156 3347 arcus
1182 3298 1231 3345 in
1251 3295 1470 3349 omnibus
1494 3294 1615 3349 hisce
1637 3295 1794 3368 figuris
1817 3293 1844 3347 a
1872 3295 2012 3346 nobis
2028 3290 2121 3345 fere
2147 3290 2318 3361 semper
