2498 3898
619 241 869 291 LIBER
942 241 1421 290 SECVNDVS.
1800 256 1878 309 157

185 316 460 381 percurritur
476 308 500 359 a
516 310 630 376 stylo
648 314 690 360 A
702 316 735 358 B
747 353 759 372 ‚
772 328 871 380 quae
881 311 944 359 est
957 315 1074 358 inter
1091 310 1201 379 ipsas
1222 311 1442 376 stylorum
1458 310 1872 382 altitudines,quod

183 399 278 431 erat
311 379 730 429 demonstrandum.
763 380 852 429 Sed
878 380 1116 428 redeamus
1139 381 1198 427 ad
1235 386 1406 447 praxim
1421 422 1433 440 ‚
1463 399 1605 449 quam
1640 381 1869 448 possumus

181 448 415 498 nonnullis
438 447 655 497 adhibitis
673 445 1074 498 obseruationibus
1098 447 1247 496 multo
1277 444 1557 511 faciliorem,
1580 453 1876 500 commodio-

185 537 285 567 rem
305 528 348 567 &
366 514 737 566 vniuersaliorem
752 517 903 566 adhuc
919 517 1128 566 reddere.

254 584 614 636 Obseruandum
631 592 769 655 igitur
787 590 936 654 primo
955 604 1039 634 nos
1062 584 1120 633 de
1145 591 1281 635 vnico
1311 586 1632 637 delineationis
1662 587 1801 656 plano
1826 595 1874 637 in

183 657 270 706 hac
292 653 606 724 propositione
625 655 712 703 effe
730 653 990 716 locutos,&
1013 672 1169 703 tamen
1188 660 1235 702 in
1261 653 1473 724 expositis
1501 654 1730 705 iconismis
1749 657 1875 706 Tab.

186 746 244 784 32.
268 725 362 774 duo
380 722 466 772 sibi
485 724 544 772 ad
561 727 708 773 rectos
728 727 930 772 inuicem
947 724 1184 773 commissa
1215 721 1539 793 repraesentari,
1567 742 1769 793 quorum
1799 734 1875 777 vni

189 792 359 843 scilicet
374 800 402 842 F
416 797 511 844 GH
524 797 568 854 I,
584 798 633 842 in
647 789 871 842 iconismo
893 797 1076 843 LXIV.
1094 792 1194 858 styli
1222 793 1444 842 adherent
1477 792 1632 853 infixi,
1657 798 1705 841 in
1727 793 1873 844 altero

186 859 293 911 vero
319 867 539 912 nimirum
565 866 810 923 GMNH,
830 880 925 912 tam
943 867 1100 931 imago
1126 879 1375 930 prototypa
1394 902 1406 921 ,
1421 861 1526 928 def,
1547 880 1691 929 quarn
1714 863 1874 914 charta

184 932 357 980 munda
377 937 548 1001 ectypae
565 931 846 980 delineandae
863 929 1066 1000 exposita
1093 929 1402 991 collocantur,
1432 930 1565 1000 quod
1595 930 1700 979 ideo
1727 930 1807 993 fit,
1827 953 1874 984 vt

185 1007 314 1049 omni
333 998 501 1051 secluso
519 1001 856 1070 impedimento
874 995 1052 1050 facilius
1072 997 1240 1068 postint
1256 1004 1599 1068 proiectionum
1616 999 1786 1049 vmbrae
1800 1000 1869 1050 lo-

187 1089 240 1118 ca
258 1067 484 1141 designari
503 1098 514 1129 3
535 1070 647 1118 dum
667 1074 792 1118 enim
810 1068 947 1135 stylus
966 1074 1015 1116 in
1031 1087 1123 1117 vno
1140 1068 1280 1137 plano
1292 1110 1305 1129 ‚
1322 1079 1369 1118 &
1388 1074 1543 1138 imago
1568 1073 1615 1116 in
1643 1069 1733 1118 alio
1765 1091 1873 1120 cum

186 1138 344 1189 charta
361 1138 638 1206 excipienda:
654 1137 789 1187 fimili
808 1138 1108 1187 delineationi
1131 1135 1345 1206 disposita
1362 1140 1722 1201 constituentur,
1742 1159 1873 1190 com-

186 1208 369 1256 modius
386 1206 537 1257 multo
557 1204 789 1256 summitas
813 1207 927 1255 radii
939 1203 1144 1256 vmbrofi
1164 1225 1244 1274 per
1253 1203 1429 1275 singula
1439 1206 1874 1259 obiectilineamen-

185 1295 232 1326 ta
257 1276 536 1338 deducetur,
557 1294 700 1345 quam
724 1274 759 1324 si
784 1279 833 1324 in
859 1276 1029 1325 eodem
1055 1272 1189 1324 simul
1215 1273 1434 1324 asserculo
1460 1274 1799 1326 collocarentur
1832 1289 1876 1329 ὃς

186 1345 287 1412 styli
308 1352 522 1413 &imago
542 1356 588 1396 δε
605 1346 764 1396 charta
786 1345 961 1393 munda
981 1372 992 1406 ·,
1015 1355 1059 1394 &
1084 1342 1272 1405 ssmiles,
1295 1341 1757 1415 proportionalesque
1784 1346 1873 1395 ob-

185 1420 313 1464 iectis
325 1414 538 1484 expositis
549 1414 698 1464 nihilo
717 1420 869 1463 minus
879 1411 1218 1484 designationes
1229 1414 1524 1463 instituentur
1536 1411 1569 1461 fi
1578 1413 1774 1464 alterum
1786 1417 1875 1484 pla-

186 1504 300 1533 num
326 1489 579 1554 imaginem
596 1485 750 1534 datam
770 1503 877 1533 cum
908 1483 1066 1532 charta
1085 1478 1296 1531 deferens
1315 1487 1377 1530 ita
1392 1488 1531 1551 priori
1553 1489 1873 1534 committatur

186 1574 233 1604 vt
252 1553 472 1619 stylorum
490 1554 686 1603 altitudo
706 1550 837 1622 super
855 1553 982 1601 idem
997 1551 1188 1621 planum
1211 1572 1250 1600 v.
1276 1571 1317 1621 g.
1345 1556 1384 1600 G
1397 1556 1567 1602 MNH
1589 1592 1602 1612 ,
1621 1558 1872 1621 accipiatur

186 1635 232 1674 δε
243 1623 501 1692 perlineam
520 1621 814 1671 asummitate
824 1619 1045 1690 cuiusque
1056 1620 1156 1686 styli
1167 1621 1225 1669 ad
1242 1621 1418 1669 dictum
1431 1621 1669 1690 planumG
1681 1626 1735 1670 M
1747 1628 1793 1673 N
1808 1631 1874 1686 H,

186 1691 628 1763 perpendiculariter
657 1691 905 1740 deductam
928 1690 1201 1751 aestimetur,
1230 1700 1273 1738 δε
1303 1695 1352 1737 in
1376 1695 1544 1739 caeteris
1568 1687 1875 1742 conformiter

187 1760 448 1830 adeaquod
462 1761 656 1810 diximus
672 1761 1098 1828 procedatur3tunc
1120 1763 1244 1807 enim
1265 1770 1309 1809 δε
1328 1759 1491 1808 eadem
1507 1776 1650 1828 quam
1675 1758 1873 1829 superius

191 1832 274 1900 pro
296 1829 581 1879 delinatione
598 1827 719 1878 facta
737 1834 786 1877 in
805 1829 944 1899 plano
964 1835 992 1878 F
1006 1832 1045 1877 G
1057 1833 1158 1889 HI,
1179 1828 1623 1877 demonstrationem
1642 1826 1872 1898 vsurpaui-

191 1920 292 1949 mus
313 1941 325 1961 ‚
343 1897 517 1948 valebit
537 1904 677 1948 etiam
692 1917 777 1967 pro
798 1898 936 1968 plano
957 1901 1124 1947 GMN
1137 1903 1210 1958 H,
1231 1907 1275 1947 ὃς
1297 1896 1453 1966 figuris
1469 1903 1518 1945 in
1535 1917 1591 1945 eo
1623 1896 1874 1967 descriptis,

190 1967 226 2019 si
237 1959 439 2018 lineam}
455 1968 675 2034 stylorum
691 1966 956 2017 summitate
974 1968 1032 2016 ad
1048 1967 1176 2015 idem
1188 1967 1379 2036 planum
1398 1965 1772 2036 orthogonaliter
1792 1968 1872 2016 de-

193 2039 378 2088 ductam
395 2056 476 2104 pro
495 2037 716 2103 stylorum
733 2036 975 2086 altitudine
992 2041 1271 2104 accipiamus
1293 2064 1304 2096 ·,
1324 2036 1445 2084 vnde
1469 2041 1610 2084 etiam
1628 2035 1875 2085 aduerten-

191 2108 303 2156 dum
329 2107 415 2156 effe
452 2106 633 2155 videtur
671 2107 802 2176 quod
834 2106 949 2154 dum
983 2109 1296 2154 remotionem
1334 2109 1515 2154 verticis
1549 2103 1650 2170 styli
1677 2102 1702 2153 a
1731 2105 1872 2174 plano

191 2180 245 2225 M
259 2183 306 2227 N
317 2183 363 2226 H
376 2180 417 2224 G
429 2216 442 2237 ,
454 2176 883 2245 perpendicularem
893 2216 906 2236 ,
920 2172 1047 2243 quasi
1066 2173 1184 2222 illius
1206 2174 1505 2226 altitudinem
1514 2171 1872 2236 consideramus,

192 2263 246 2293 ex
258 2247 338 2294 ista
357 2249 770 2294 etiamremotione
788 2242 1013 2293 debemus
1037 2244 1253 2291 aestimare
1314 2262 1421 2292 uam
1438 2248 1668 2292 rationem
1688 2248 1808 2291 inter
1829 2242 1873 2291 se

194 2313 416 2364 habitura:
427 2311 524 2378 (sint
540 2318 698 2382 imago
720 2310 953 2382 propofita
977 2322 1021 2361 δε
1043 2310 1191 2380 figura
1219 2262 1518 2361 describenda
1533 2353 1546 2373 ,
1567 2317 1629 2361 ita
1648 2329 1696 2360 vt
1714 2309 1803 2360 sint
1821 2332 1877 2360 ae-

195 2380 395 2453 qualessi
407 2388 454 2431 in
466 2381 662 2451 aequalia
680 2382 819 2452 plano
840 2381 1053 2430 distantia
1073 2379 1173 2445 styli
1189 2380 1503 2442 collocentur,
1520 2386 1669 2430 maior
1683 2399 1793 2428 vero
1817 2379 1870 2430 sit

231 2449 327 2500 uaea
346 2451 461 2517 stylo
482 2456 720 2500 remotiori
741 2452 1030 2512 decurretur,
1042 2461 1086 2501 ὃς
1108 2454 1262 2498 minor
1277 2469 1377 2520 quae
1396 2448 1421 2498 a
1435 2454 1666 2498 vicinioris
1683 2447 1875 2517 vmbro-⁴

193 2470 239 2570 ἓ)
259 2526 428 2570 vertice
445 2518 738 2569 describetur.

264 2588 625 2639 Obseruandum
645 2587 847 2640 secundo
857 2595 904 2639 in
915 2592 996 2639 ista
1015 2590 1213 2639 duorum
1236 2589 1481 2658 planorum
1498 2585 1793 2657 dispositione
1810 2587 1874 2637 sa-

195 2665 250 2710 tis
268 2655 403 2708 facile
422 2670 465 2708 δε
484 2659 735 2708 commode
752 2661 877 2729 poffe
898 2658 1017 2709 effici
1034 2660 1164 2729 quod
1174 2660 1281 2708 alias
1298 2663 1369 2707 Vix
1392 2657 1621 2727 possemus
1653 2654 1875 2726 consequi

197 2747 305 2778 cum
335 2733 460 2776 enim
484 2727 841 2784 instrumentum
863 2729 955 2779 hoc
987 2747 1303 2797 proponamus
1334 2745 1434 2775 non
1461 2727 1607 2776 modo
1637 2743 1685 2774 vt
1714 2744 1876 2794 aptum

196 2796 489 2846 traducendis
510 2812 562 2843 ex
580 2795 689 2845 dato
707 2815 960 2867 prototypo
985 2797 1266 2866 imaginibus
1287 2802 1335 2845 in
1354 2795 1510 2864 planas
1531 2792 1874 2863 superficies,vt

197 2867 372 2914 directo
388 2865 630 2914 videantur
639 2870 809 2916 intuitu
821 2908 835 2928 ,
853 2867 1011 2936 quales
1031 2866 1174 2915 habet
1191 2863 1436 2916 iconismus
1453 2869 1646 2925 LXIV,
1663 2863 1690 2910 d
1697 2883 1716 2909 e
1714 2867 1754 2930 f
1750 2864 1763 2920 ,'
1775 2861 1874 2917 abc,

196 2933 274 2984 sed
291 2931 437 3003 ipsum
455 2938 594 2984 etiam
610 2934 821 2985 adhiberi
834 2936 1026 2986 velimus
1043 2932 1357 2984 deformandis
1379 2932 1660 2983 simulachris
1684 2953 1736 2982 ex
1756 2932 1875 2981 obli-

199 3022 296 3073 quo
318 3003 377 3052 ad
396 3003 531 3071 plana
545 3008 594 3052 in
619 3003 790 3072 quibus
820 3002 1139 3054 describuntur
1163 3008 1362 3065 intuitu,
1386 3001 1523 3073 quale
1548 3003 1727 3051 videtur
1748 2999 1875 3049 sche-

198 3091 321 3123 mate
339 3076 500 3133 LXV,
518 3077 566 3119 in
585 3069 730 3121 soli‘do
746 3074 969 3142 polyedro
990 3072 1077 3121 abc
1095 3103 1106 3137 ·‚
1121 3092 1245 3123 certe
1265 3091 1348 3141 pro
1373 3069 1652 3141 imaginibus
1678 3076 1726 3119 in
1742 3069 1877 3138 plana

200 3140 437 3211 superficie
452 3138 760 3191 describendis
780 3143 1044 3193 indifferens
1063 3146 1128 3194 est
1144 3161 1300 3192 Vtrum
1323 3141 1460 3208 stylos
1490 3159 1599 3189 cum
1625 3156 1876 3208 prototypo.

204 3222 250 3262 ὃς
265 3210 422 3260 charta
447 3208 650 3260 colloces
672 3216 723 3261 in
748 3213 916 3262 eodem
940 3212 1079 3280 plano
1106 3220 1133 3264 F
1146 3216 1300 3273 GHI,
1321 3228 1399 3260 aut
1415 3214 1667 3278 imaginem
1685 3218 1728 3257 δε
1747 3206 1877 3256 char-

202 3299 299 3329 tam
313 3284 361 3328 in
376 3279 466 3329 alio
479 3321 492 3341 ,
507 3297 556 3328 vt
568 3284 617 3328 in
643 3284 817 3333 MNH
830 3286 895 3342 G,
918 3300 1026 3330 cum
1050 3280 1184 3333 facile
1213 3277 1268 3334 fit
1284 3278 1532 3346 vtrobique
1549 3277 1662 3325 radii
1675 3274 1879 3326 vmbrofi

205 3346 516 3401 summitatem
534 3366 615 3418 per
632 3347 992 3420 fingulaobieeti
1005 3354 1243 3420 prototypi
1257 3352 1429 3418 punc‘ta
1446 3345 1672 3396 deducere
1685 3373 1697 3407 ·,
1710 3363 1757 3397 at
1771 3363 1902 3403 cum-
