2498 3898
678 210 931 262 LIBER
1005 212 1360 263 PRIMVS.
1810 233 1861 266 io

207 283 363 329 omnia
383 275 438 328 ad
454 276 745 348 prospectum
769 279 1116 329 accommodare
1136 275 1379 328 secundiim
1409 277 1563 328 datam
1588 284 1709 331 oculi
1736 238 1886 336 31ῑίεηῖ

205 351 380 408 dinem,
408 359 452 399 &
473 351 733 417 primarium
749 352 969 417 puncstum
987 349 1037 406 d,
1057 366 1138 397 nec
1157 367 1257 397 non
1279 359 1322 398 &
1347 349 1454 396 data
1469 349 1676 398 distantia
1694 369 1792 421 quse
1813 357 1885 404 iex

206 416 348 468 ferme
367 421 510 468 vnciis
529 420 602 466 hic
627 433 749 466 extra
768 418 972 466 tabulam
992 421 1199 465 excurrit:
1213 418 1379 466 deinde
1396 436 1473 486 per
1488 415 1750 488 vigesimam
1774 422 1883 472 eius-

207 488 310 536 dem
337 490 629 536 inuenientur
657 485 841 557 singula:
866 487 1126 536 altitudines
1151 482 1510 555 scenographicae
1542 487 1670 558 supra
1695 487 1883 552 scalam,

205 573 343 624 quam
370 576 420 604 ex
439 556 632 605 realibus
653 556 968 605 altitudinibus
996 556 1346 617 construxiinu5‚
1368 557 1752 626 quemadmodum
1781 557 1884 609 satis

202 628 291 674 iam
322 623 447 693 supra
471 625 740 674 declaratum
775 624 836 673 est
878 628 926 672 in
961 623 1313 692 praecedentibus
1358 623 1750 694 propositionibus
1770 648 1789 684 ,¹
1814 630 1882 677 di⁹

200 694 456 764 stinCieque
487 695 600 741 adeo
633 696 893 761 exprimitur
917 694 1247 764 diagrammate
1274 701 1463 745 X11.vt
1489 695 1561 743 ad*
1578 714 1626 753 ea
1646 714 1744 766 quae
1763 699 1881 747 dixi-

200 781 298 814 mus
316 781 415 811 non
436 764 643 812 videatur
662 761 829 811 necesse
845 762 926 812 effe
947 763 1118 833 aliquid
1144 763 1413 836 adiungere,
1429 781 1524 834 quo
1552 761 1723 814 facilius
1751 768 1880 816 huius

199 833 549 881 construstionis
567 835 711 900 praxis
732 831 1026 903 intelligatur.

328 975 494 1024 PRO
521 974 554 1020 P
579 976 625 1020 o
650 974 674 1018 s
702 971 891 1019 irio
938 973 1391 1023 TRIGESIMA
1427 963 1732 1025 TERTIA:

260 1108 364 1158 Cubi
371 1112 558 1184 perforati
567 1110 645 1180 [ἐκ
662 1106 826 1176 &tigillis
845 1109 1036 1158 duodecim
1045 1106 1373 1182 parallelepipedis
1390 1113 1573 1184 compositi
1581 1112 1753 1182 figuram
1771 1115 1813 1162 in
1868 1151 1880 1183 5

692 1182 864 1251 sefflione
877 1198 1120 1252 apparentem
1139 1181 1358 1254 describere.

203 1317 624 1464 QVamquam
633 1319 777 1391 potest
795 1319 923 1368 huius
938 1317 1264 1390 propositionis
1276 1320 1551 1370 construfflo
1564 1337 1643 1388 per
1653 1320 1879 1384 eamdemg

362 1408 499 1461 quam
514 1409 562 1439 in
590 1388 939 1459 praecedentibus
964 1390 1251 1439 adhibuimus
1279 1388 1553 1438 methodum
1576 1389 1878 1458 expediri‚ita

191 1458 248 1507 νδ
261 1461 396 1527 poffit
412 1464 460 1507 in
482 1459 810 1530 diagrammate
827 1462 873 1508 X
887 1463 930 1507 X
947 1462 963 1506 1
983 1465 1040 1511 Χ.
1063 1460 1179 1509 Tab.
1201 1470 1261 1510 18.
1285 1458 1419 1508 cubus
1438 1456 1692 1526 perforatus
1714 1463 1775 1508 ita
1798 1458 1874 1508 be-

189 1547 248 1577 ne
273 1531 331 1578 ad
352 1525 638 1598 prospedmm
655 1529 990 1577 accommodari
1016 1529 1243 1578 mediante
1264 1527 1562 1595 ortographia
1582 1537 1626 1576 &
1659 1528 1871 1577 altitudi-

188 1615 301 1646 num
316 1596 424 1647 scala
439 1603 479 1648 A
493 1602 522 1646 B
539 1606 579 1650 C
590 1602 634 1647 D
647 1614 719 1656 ,ac
738 1614 899 1664 corpus
911 1598 1221 1667 quodcunque
1232 1597 1362 1664 plena
1376 1596 1606 1645 soliditate
1616 1599 1875 1663 praeditum5

189 1681 239 1714 vt
263 1682 446 1735 apparet
474 1686 527 1714 ex
552 1665 776 1736 aliquibus
801 1664 916 1713 illius
944 1664 1310 1736 scenographicis
1329 1664 1668 1724 altitudinibus,
1691 1683 1800 1736 quas
1819 1685 1873 1714 ex

187 1733 301 1783 scala
328 1730 580 1804 desumptas
605 1736 662 1786 ad
685 1738 919 1804 proprium
944 1734 1080 1784 situm
1107 1739 1154 1784 in
1192 1736 1371 1805 vestigij
1405 1732 1536 1782 sceno
1575 1736 1732 1802 raphia
1749 1773 1763 1794 ,
1793 1753 1872 1803 per

186 1808 378 1873 primam
397 1806 530 1853 huius
555 1806 745 1855 inuenta
761 1842 775 1864 ,
803 1805 1069 1853 deduximus
1095 1805 1400 1854 mediantibus
1428 1804 1551 1870 paral
1569 1804 1646 1852 elis
1666 1824 1678 1852 ε
1699 1803 1875 1853 nihiloass

187 1877 334 1923 minus
355 1879 461 1944 quia
478 1876 709 1942 peculiaris
728 1871 958 1924 &facilior
977 1874 1185 1943 quaedam
1205 1875 1262 1923 est
1274 1877 1418 1941 praxis
1432 1875 1489 1919 ab
1509 1872 1612 1941 ipsis
1627 1867 1877 1945 scenogra-·⁴

186 1945 303 2011 phiae
323 1942 633 1994 fundamentis
662 1960 788 1993 eruta
818 1945 1081 1992 inueniendi
1107 1948 1250 1993 varias
1275 1941 1574 1990 latitudinum
1593 1942 1871 1992 diminutio-
1910 1988 1912 1990 ,

185 2028 284 2071 nes,
304 2015 378 2063 hic
402 2031 500 2061 eam
524 2011 608 2063 esse
633 2013 988 2080 proponendam
1007 2021 1052 2062 ὃς
1073 2013 1383 2079 explicandam
1411 2006 1585 2069 censui,
1615 2026 1714 2059 tum
1738 2013 1871 2081 quod

187 2081 278 2130 haec
297 2079 352 2131 sit
371 2080 617 2132 methodus
636 2081 740 2131 satis
761 2078 1043 2142 vniuersalis,
1064 2092 1109 2133 &
1132 2098 1231 2151 quae
1249 2078 1384 2149 possit
1403 2085 1451 2127 in
1469 2076 1691 2128 similibus
1716 2079 1869 2149 saepius

184 2151 412 2210 adhiberi,
431 2166 527 2199 tum
548 2155 685 2201 etiam
702 2155 812 2222 quia
831 2170 909 2220 per
927 2169 1025 2200 eam
1045 2148 1185 2202 facilis
1204 2152 1420 2198 sternetur
1437 2151 1509 2198 via
1540 2146 1598 2197 ad
1628 2149 1868 2199 delineam-

184 2219 288 2266 dam
324 2219 471 2269 sedilis
515 2221 894 2290 scenographiam
913 2259 927 2279 ,
960 2221 1140 2289 qualem
1185 2217 1491 2286 descripsimus
1538 2219 1866 2289 diagrammate

184 2292 228 2336 X
243 2292 288 2335 X
302 2293 356 2336 X.
379 2287 499 2337 vnde
521 2298 565 2338 &
590 2293 672 2337 erit
690 2288 816 2359 quasi
838 2305 1079 2358 apparatus
1135 2289 1287 2337 uidam
1301 2326 1314 2347 ,
1333 2289 1390 2336 ad
1410 2287 1776 2336 Secundamlibri
1797 2288 1866 2338 se-

185 2358 324 2405 cundi
341 2355 731 2425 propositionem,
750 2361 800 2405 in
816 2374 913 2427 quo
941 2358 995 2405 de
1024 2361 1073 2406 iis
1100 2307 1258 2428 {iguris
1286 2360 1428 2405 asturi
1458 2355 1721 2426 sumus-quae
1743 2362 1866 2407 reeta

183 2424 340 2474 fronte
359 2436 403 2477 δε
427 2430 582 2493 primo
602 2424 783 2495 aspedhi
810 2425 1036 2476 deformes
1064 2436 1108 2475 &
1134 2429 1585 2495 improportionatae,
1604 2443 1654 2473 ex
1684 2423 1764 2475 suo
1794 2443 1866 2475 ta-

180 2512 285 2543 men
306 2497 482 2564 pumSto
498 2506 541 2546 δε
562 2496 672 2544 iusta
693 2492 900 2563 speetatae
929 2496 1159 2556 distantia,
1176 2499 1370 2544 maxime
1395 2498 1759 2563 proportionatae
1781 2493 1865 2545 effe

179 2563 443 2614 noscuntur.
481 2566 681 2615 Secunda
699 2565 816 2630 illius
836 2563 1018 2615 secundi
1040 2565 1334 2614 libriTabula
1355 2580 1454 2633 quae
1472 2577 1665 2613 numero
1687 2585 1753 2627 23.
1784 2583 1866 2614 an-

179 2649 390 2693 notatur,
408 2635 499 2684 duo
518 2637 724 2683 continet
745 2632 895 2684 sedilia
923 2636 979 2684 ad
1004 2637 1127 2684 hunc
1152 2635 1341 2684 modum
1363 2634 1585 2682 delineata
1603 2670 1617 2692 ,
1642 2649 1740 2701 quae
1761 2638 1865 2704 qui-

181 2701 284 2751 dem
314 2706 463 2770 primo
488 2707 659 2752 intuitu
689 2705 811 2752 aliud
839 2708 1035 2754 omnino
1064 2702 1349 2773 praeseferunt
1379 2703 1438 2752 ab
1471 2722 1523 2752 eo
1553 2703 1682 2773 quod
1708 2723 1758 2751 ex
1784 2702 1862 2753 suo

179 2774 356 2838 praecise
377 2770 574 2840 spe&ata
592 2776 768 2841 pundleo
786 2772 1093 2841 repraesentare
1113 2789 1372 2837 cernuntur.

251 2846 422 2890 Verum
451 2843 507 2891 ad
531 2844 915 2892 constructionem
943 2844 1270 2912 propositionis
1296 2841 1456 2891 nostrae
1473 2879 1487 2897 ,
1511 2839 1726 2890 statuatur
1764 2841 1859 2908 pri-

178 2926 300 2958 mum
324 2909 451 2978 supra
470 2911 763 2961 vitrei-basim
786 2912 1056 2983 quadratum
1078 2918 1152 2962 EF
1167 2916 1291 2970 GH,
1318 2912 1448 2980 quod
1474 2929 1613 2960 vnam
1641 2930 1691 2959 ex
1719 2908 1859 2976 super⁶

180 2978 363 3027 ficiebus
391 2981 492 3029 cubi
518 2986 791 3030 anteriorem
818 2980 1079 3037 exhibebit3
1101 2987 1147 3031 in
1175 3000 1229 3029 eo
1256 2980 1504 3029 delineetur
1536 2988 1579 3030 δε
1607 2980 1728 3027 aliud
1747 2993 1858 3046 quam

178 3047 363 3103 dratum
381 3052 553 3111 minus,
570 3054 692 3099 cuius
709 3051 845 3100 latera
867 3051 956 3099 sint
978 3051 1188 3101 lateribus
1206 3054 1339 3120 primi
1359 3049 1562 3118 parallela
1587 3057 1631 3096 &
1660 3045 1854 3116 aeqiiidi0

176 3117 365 3174 stantia,
381 3136 465 3186 pro
489 3123 539 3169 ea
559 3136 658 3190 quae
679 3118 834 3189 tigillis
855 3120 1095 3171 tribuenda
1116 3123 1174 3170 est
1195 3119 1402 3178 craffitie,
1420 3118 1568 3188 fitque
1585 3116 1694 3164 illud
1711 3118 1858 3163 minus

178 3188 473 3256 quadratum,
495 3189 684 3258 exempli
707 3192 875 3260 gratia,
889 3193 907 3237 1
923 3192 964 3239 K
977 3196 1008 3241 L
1022 3196 1072 3243 M
1085 3230 1097 3250 ,
1110 3196 1228 3239 cuius
1246 3195 1380 3237 etiam
1401 3190 1610 3256 praedie'ta
1630 3185 1768 3233 latera
1790 3185 1855 3231 ita

177 3256 354 3305 occulte
388 3258 723 3327 prolongentur
762 3274 814 3308 vt
846 3261 1029 3308 maioris
1064 3260 1202 3309 latera
1234 3263 1515 3326 contingant
1545 3254 1602 3301 ad
1629 3256 1775 3302 rerstos
1804 3255 1852 3300 in

178 3331 358 3396 punistis
379 3326 619 3397 abcdefgh
640 3349 650 3376 ε
668 3328 848 3379 Deinde
865 3323 888 3375 Ξι
905 3332 1087 3397 punstis
1106 3334 1154 3379 H
1173 3327 1399 3383 haEch,
1417 3323 1600 3395 occultae
1618 3324 1741 3372 lineae
1770 3320 1858 3391 deff
