2498 3898
284 288 595 341 Praeuidebam
607 289 824 338 etiamvel
837 290 927 338 hoc
938 286 1094 337 saltem
1102 292 1293 336 nomine
1314 283 1648 355 Perspec'tiuam
1666 285 1899 338 scientiam

210 362 334 431 apud
346 373 508 408 omnes
525 359 967 423 commendandam,
988 354 1263 425 maiorisque
1287 353 1548 405 faciendam
1563 351 1622 403 ab
1643 361 1715 416 iis,
1728 355 1897 424 quibus

210 426 657 480 maximenecessaria
668 427 785 476 illius
798 433 1006 498 cognitio
1018 428 1105 488 est,
1118 444 1226 475 cum
1239 444 1393 474 tamen
1405 423 1463 473 ab
1482 445 1535 473 ea
1558 441 1746 494 propter
1765 429 1900 474 mnu-⁷

211 520 356 550 meras
369 498 690 547 difficultatum
701 495 845 565 spinas
858 538 870 558 ,
885 495 1055 566 quibus
1076 495 1282 564 vndique
1302 492 1602 563 circumsepta
1620 495 1795 563 semper
1812 494 1902 543 visa

211 571 276 618 est
285 611 298 630 ,
311 568 519 638 plerique
530 566 827 616 abhorreant:
839 564 1155 615 existimabam
1164 563 1333 614 scilicet
1345 564 1430 613 hac
1442 569 1620 612 ratione
1631 607 1643 627 ‚
1659 560 1902 633 propositis

210 637 473 688 huiusmodi
483 634 809 684 subtilitatibus
822 635 1116 696 admirandis,
1129 633 1252 703 posse
1265 632 1581 702 pulcherrirna:
1591 632 1783 684 scientiae
1796 651 1906 682 con·

210 709 351 759 ciliari
362 748 373 767 ,
386 725 503 775 quos
514 705 723 773 alioquin
736 703 872 773 ipsius
885 704 1054 756 Vtilitas
1067 702 1292 754 summa&
1304 701 1539 751 necessitas
1553 705 1610 752 ad
1622 702 1683 752 sui
1704 703 1904 751 studium

209 789 254 827 δε
273 773 546 824 desiderium
572 792 671 823 non
695 773 1013 843 pertraherent
1034 803 1044 836 -‚
1065 772 1127 823 sic
1147 791 1317 841 nempe
1349 791 1508 820 verum
1534 774 1622 821 esse
1653 769 1906 821 arbitrabar

210 846 341 915 quod
359 845 537 893 dicitur.

587 916 722 962 Omne
739 913 1043 983 rulitpumslum,
1066 913 1131 981 qui
1149 913 1298 983 miscuit
1314 912 1405 959 vtile
1421 909 1533 958 dulci.

279 1063 327 1107 H
333 1076 392 1105 aec
403 1071 497 1104 erat
507 1051 646 1123 igitur
656 1058 703 1102 in
714 1051 810 1122 ipso
821 1052 1171 1123 susceptioperis
1186 1058 1319 1103 initio
1332 1067 1462 1102 mens
1474 1066 1597 1101 mea:
1613 1049 1805 1101 sedcum
1826 1051 1908 1100 ali-5

212 1126 403 1195 quando
425 1115 675 1171 nonnullos
703 1122 1000 1193 Perspecffiuae
1023 1122 1239 1172 authores
1270 1119 1498 1189 legerem,
1518 1133 1561 1172 &
1581 1141 1659 1170 eos
1681 1121 1907 1190 praecipue}

212 1199 294 1263 qui
304 1193 528 1263 regularia
538 1210 733 1260 corpora
745 1190 1106 1262 scenographice
1116 1182 1392 1241 delineanda
1402 1190 1695 1262 proposuere,
1706 1191 1907 1239 animad-

210 1269 328 1312 uerti
345 1262 549 1332 aliquos,
560 1280 607 1310 νε
624 1267 846 1311 loannem
856 1256 1112 1313 Cousinum
1125 1305 1136 1324 ‚
1152 1262 1413 1312 Samuelem
1435 1258 1738 1310 Marolesium
1753 1267 1801 1308 in
1817 1261 1908 1309 istis

211 1332 489 1394 erraffe‚nec
507 1329 631 1381 secus
653 1332 898 1382 authorem
923 1331 1053 1394 libri,
1067 1338 1142 1381 cui
1161 1332 1318 1380 titulus
1337 1334 1402 1381 est
1418 1336 1636 1400 Syntagma
1650 1335 1689 1378 in
1705 1350 1776 1400 quo
1792 1339 1912 1378 varia

212 1406 451 1472 eximiaque,
469 1415 562 1458 &a
586 1398 740 1450 referti
762 1403 954 1470 quidem
982 1401 1139 1471 figuris
1158 1399 1530 1471 scenographicis
1550 1398 1910 1472 elegantissimis,

211 1470 288 1521 sed
301 1472 469 1541 regulis
483 1483 525 1521 &
539 1476 772 1540 praeceptis
784 1476 934 1521 vacui:
948 1470 1091 1521 habet
1105 1476 1231 1520 enirn
1242 1469 1536 1520 solummodo
1548 1470 1741 1520 breuem
1753 1487 1912 1540 quem-

216 1543 321 1590 dam
334 1539 579 1590 discursum
588 1541 644 1588 de
656 1539 859 1608 generali
870 1541 1278 1608 method0‚quam,
1295 1541 1493 1608 exempli
1506 1543 1672 1609 gratia,
1687 1540 1912 1608 pyramidi

214 1609 289 1658 seu
306 1610 563 1661 Tetraedro
573 1650 584 1670 ,
594 1628 641 1656 vt
654 1627 765 1677 pote
777 1611 980 1678 corport'i
990 1603 1322 1678 simplicissimo
1341 1609 1533 1685 praesiae'
1545 1620 1589 1659 ὃς
1601 1609 1914 1678 applicat‚nec

213 1677 308 1728 sine
321 1683 448 1749 graui
461 1697 611 1726 errore
626 1720 638 1739 ‚
649 1697 697 1728 vt
708 1678 902 1748 amplius
912 1698 1040 1748 patet
1050 1698 1103 1727 ex
1124 1679 1384 1728 Corollario
1403 1677 1730 1748 propositionis
1748 1675 1914 1748 vigesi-

213 1763 297 1798 'rnae
310 1753 449 1798 tertiae
460 1753 595 1817 primi
615 1748 720 1797 libri
741 1748 875 1798 huius
895 1749 1165 1819 partitvnde
1184 1745 1321 1797 facile
1340 1749 1547 1797 adducor
1565 1767 1612 1797 vt
1634 1749 1821 1798 credam
1840 1745 1916 1812 vel

216 1820 302 1867 esse
314 1812 454 1867 alium
464 1818 711 1867 anthorem
724 1818 1112 1888 diagrammatum
1122 1829 1166 1868 &
1188 1814 1329 1866 alium
1342 1816 1569 1887 praepositi
1587 1816 1804 1867 discursus
1816 1859 1829 1879 ,
1839 1815 1916 1866 vel

214 1902 313 1936 non
326 1906 495 1956 paucos
508 1901 680 1935 errores
691 1893 738 1935 in
750 1884 1051 1956 sequentibus
1061 1886 1211 1937 multo
1223 1884 1326 1936 sane
1336 1886 1670 1936 difficilioribus
1682 1884 1915 1937 iconismis

215 1955 456 2025 irrepsisse,
481 1975 752 2025 quanquam
768 1955 874 2006 alias
895 1976 993 2006 non
1011 1957 1253 2006 inuenuste
1274 1955 1486 2026 descripti
1505 1968 1548 2007 δε
1567 1955 1833 2006 adumbrati
1849 1961 1916 2005 vi-

217 2025 426 2074 deantur.
437 2025 651 2092 Qvero
663 2026 720 2074 de
732 2025 818 2075 illis
829 2024 1099 2095 scripserunt
1113 2027 1329 2076 authores
1341 2021 1436 2087 alii,
1446 2026 1518 2075 vel
1544 2024 1635 2096 ipsa
1652 2026 1918 2076 delineandi

214 2094 465 2143 methodos
477 2096 702 2144 tradidere
717 2094 835 2144 adeo
845 2094 1091 2146 abstracstas
1104 2139 1117 2158 ,
1129 2116 1176 2145 νε
1186 2098 1363 2144 Guidus
1375 2093 1589 2145 Vbaldus
1602 2125 1613 2157 3
1628 2094 1701 2145 vel
1711 2098 1828 2146 adeo
1848 2105 1919 2147 in-

217 2169 397 2213 tricatas
409 2205 421 2225 ‚
432 2165 563 2234 quod
573 2159 683 2214 fecit
697 2165 868 2214 Daniel
880 2164 1123 2227 Barbarus,
1143 2185 1191 2215 vt
1206 2185 1278 2214 eas
1292 2171 1340 2214 in
1350 2163 1478 2215 Vsum
1488 2165 1712 2216 adhibere
1730 2187 1918 2234 tyrones

215 2239 286 2280 vix
302 2232 481 2301 possint-
497 2241 612 2283 Sunt
623 2235 731 2282 deni
771 2254 829 2283 ue
841 2234 1007 2304 aliiqui
1017 2233 1269 2284 solidorum
1278 2233 1542 2284 huiusmodi
1551 2237 1919 2305 proiestionibus

218 2307 265 2350 in
277 2301 415 2371 plano
432 2302 718 2351 instituendis
736 2252 985 2373 (singularia
1001 2305 1305 2354 instrumenta
1324 2301 1590 2374 proferunt,
1603 2305 1679 2354 sed
1701 2308 1823 2356 istius
1844 2328 1919 2358 or-

220 2376 391 2441 ganicae
411 2375 708 2440 proieC’tionis
727 2373 894 2422 modus
912 2373 1199 2442 regularibus
1227 2375 1419 2443 perinde
1448 2395 1501 2423 ac
1531 2374 1857 2445 irregularibus
1878 2385 1919 2426 ‚ii

220 2438 577 2511 quibuscunque
591 2441 864 2510 corporibus
876 2453 919 2494 δε
929 2444 1124 2494 obieffis
1135 2448 1399 2492 communis
1421 2444 1486 2492 est
1497 2485 1510 2505 ,
1520 2463 1568 2493 vt
1582 2464 1633 2492 ex
1651 2446 1808 2494 nostro
1823 2454 1923 2496 Sce-

216 2510 464 2580 nographo
476 2510 725 2561 Catholico
739 2511 1080 2581 deprehendet,
1100 2513 1317 2583 quileget
1332 2534 1340 2561 :
1357 2513 1478 2579 vnde
1498 2533 1607 2562 cum
1622 2519 1670 2562 in
1692 2514 1784 2563 hoc
1803 2517 1921 2565 mihi

218 2578 301 2647 ipsi
313 2577 569 2629 satisfacere
580 2599 792 2649 optarem
811 2592 855 2632 ὃς
875 2582 972 2632 aliis
992 2588 1131 2632 etiam
1148 2583 1356 2652 prodesse
1376 2580 1411 2631 si
1431 2579 1630 2652 possem,
1644 2581 1924 2655 singularem

220 2647 442 2718 cuiusque
470 2650 770 2699 construendi
793 2661 836 2701 &
857 2651 1120 2702 delineandi
1139 2652 1421 2702 methodum
1440 2671 1493 2701 ex
1511 2658 1627 2701 veris
1647 2657 1925 2704 Geometriae

222 2722 457 2786 principiis
476 2729 520 2768 ὃς
541 2720 896 2790 Scenographiae
914 2730 1150 2791 praeceptis
1172 2727 1474 2783 concinnam,
1497 2723 1663 2771 additis
1694 2728 1836 2772 etiam
1865 2724 1925 2772 ad

222 2785 399 2836 calcem
414 2786 786 2857 propositionum
801 2791 1089 2853 Corollariis‚
1102 2791 1226 2841 vbisi
1250 2793 1365 2861 quid
1382 2790 1441 2840 ab
1461 2792 1556 2840 aliis
1571 2806 1816 2860 peccatum
1836 2793 1924 2842 effe

224 2854 466 2907 arbitratus
481 2855 576 2906 sum
589 2899 601 2919 ‚
612 2862 795 2928 propria
805 2859 991 2909 censura
1003 2867 1183 2910 notaui:
1200 2876 1302 2931 qua:
1312 2879 1437 2910 nunc
1451 2866 1609 2910 omnia
1619 2860 1814 2930 publica-2·
1833 2864 1924 2911 stu-

225 2923 458 2976 diosorum
473 2927 655 2976 Vtilitati
676 2930 954 2997 exponenda
973 2931 1060 2979 effe
1086 2931 1297 2991 decreui3
1320 2928 1396 2979 sed
1421 2941 1466 2980 &
1483 2927 1569 2979 alia
1583 2930 1926 3000 quamplurima

224 2993 557 3064 elegantissima
568 2996 852 3048 stellatorum
863 3019 1116 3069 corporum
1136 3001 1470 3071 diagrammata
1491 2997 1722 3061 subiunxi,
1743 3018 1838 3068 quo
1857 2997 1926 3048 fa·-

227 3068 354 3112 ‹stum
374 3067 439 3114 est
465 3086 514 3116 νε
538 3066 680 3115 veluti
696 3062 1046 3127 κωῧὲρισκείκοιπκαῗς
1068 3069 1336 3140 generalem
1361 3069 1713 3138 Scenographiae
1743 3069 1928 3118 metha

230 3133 341 3181 dum
366 3132 652 3202 praescribere
672 3142 858 3187 coadstus
880 3136 1070 3201 fuerim,
1089 3142 1182 3209 qua
1200 3157 1437 3188 vterentur
1453 3143 1484 3187 ii
1504 3143 1585 3206 qui
1602 3135 1643 3185 se
1654 3142 1701 3184 in
1712 3138 1802 3186 istis
1815 3138 1928 3187 deli-

227 3205 523 3254 neationibus
536 3224 799 3256 exercerent
816 3207 935 3256 :imo
957 3208 1059 3259 sane
1081 3209 1211 3278 quod
1229 3214 1277 3257 in
1297 3209 1431 3257 huius
1455 3212 1604 3275 operis
1623 3206 1735 3255 idaea
1748 3219 1926 3277 nequa-

227 3289 370 3340 quam
382 3276 694 3342 praestiteram‚
706 3275 842 3344 ipsius
867 3276 1160 3348 Perspetstiuae
1172 3277 1395 3328 naturalia
1415 3280 1662 3345 principia,
1674 3279 1931 3325 Geometri-

229 3360 302 3391 cas
313 3342 728 3395 demonstrationes
738 3342 951 3396 fusesatis
967 3359 1011 3398 &
1029 3347 1497 3418 dilucide,quantum
1519 3349 1568 3393 in
1582 3363 1658 3393 me
1673 3342 1763 3395 fuit
1789 3365 1931 3414 exp0÷

1665 3434 1680 3464 1
1722 3432 1767 3482 ιι)
