2498 3898
645 246 884 301 LIBER
955 253 1419 301 SECVNDVS.
1502 273 1505 276 ·
1795 251 1866 316 v189¹

196 322 271 372 lib.
291 342 329 383 35
350 335 446 387 cap.
467 339 528 368 10.
550 315 830 386 specff’tantem
854 316 896 367 se
914 317 1180 388 vbicunque
1206 320 1479 369 constitutus
1513 314 1662 369 fuisset
1687 321 1862 394 semper

196 386 451 459 aspiciebat.
466 392 523 436 Et
540 387 631 437 hoc
651 385 751 436 sane
770 392 905 437 toties
921 393 1123 448 eueniet,
1148 395 1329 456 quoties
1359 393 1507 457 pistor
1534 385 1576 436 se
1607 394 1865 442 intuentem

195 459 374 514 vultum
401 455 678 518 humanum,
698 454 1036 525 praesertimque
1065 456 1276 505 habitum
1300 467 1343 505 &
1363 462 1594 506 adrionem
1624 458 1867 510 oculorum

196 528 254 575 ad
271 531 428 575 viuum
444 523 698 574 imitabitur
718 552 729 585 ·,
749 531 811 573 ita
828 531 953 574 enim
973 525 1153 594 depicsta
1170 531 1324 594 imago
1345 522 1640 594 aspicientem
1659 525 1701 576 se
1720 529 1863 579 oculis

197 594 326 665 sequi
345 591 520 663 semper
536 593 778 643 videbitur.
908 646 911 649 4
1755 649 1758 653 .

286 669 392 714 Nec
409 661 504 712 sine
521 663 823 711 admiratione
842 660 1049 711 videmus
1078 667 1126 711 in
1151 661 1425 732 quibusdam
1445 662 1589 732 planis
1604 705 1616 724 ,
1636 662 1864 725 tabulatis,

198 730 499 784 testudinibus
515 735 700 800 egregie
719 730 919 800 depidtas
936 728 1102 802 figuras
1120 730 1363 782 nonnullas
1381 751 1475 781 tam
1492 729 1644 781 subtili
1669 733 1862 783 artificio

197 820 246 852 vt
266 800 473 870 quaedam
494 799 673 849 illarum
694 818 842 869 partes
861 799 1009 850 versus
1039 799 1233 870 ipsarum
1260 801 1562 869 spezstarorem
1591 807 1639 849 in
1663 820 1868 870 quocun-

197 882 291 940 que
307 869 413 918 loco
433 870 605 918 steterit
618 867 794 938 semper
814 867 1016 937 prosilire
1046 881 1089 919 &
1116 875 1277 939 proiici
1314 873 1564 920 videantur.
1591 868 1867 920 Huiusmodi

200 938 409 1008 quaedam
424 939 516 988 vidi
533 939 654 1007 apud
669 958 754 987 nos
773 938 896 986 haud
917 939 1444 1008 contemnenda,qualis
1465 939 1529 987 est
1546 943 1594 987 in
1610 949 1699 988 vna
1718 957 1866 988 caeno-

198 1004 265 1058 bii
276 1009 416 1057 nostri
434 1006 733 1058 Vicennensis
752 1005 1126 1077 capella3de'pi6ta
1142 1015 1181 1059 S.
1193 1009 1381 1058 Mathaei
1398 1008 1679 1078 effigiesquae
1691 1028 1867 1078 partem

199 1079 325 1145 pedis
346 1082 642 1138 anteriorem,
660 1076 683 1125 ἑ
702 1074 883 1125 sublimi
897 1073 1075 1126 fornice
1094 1075 1240 1128 versus
1259 1083 1489 1127 intuentes
1507 1075 1549 1125 se
1573 1095 1861 1148 quocunque

198 1144 304 1195 loco
332 1147 535 1195 steterint
566 1144 839 1209 obiicere&
862 1140 1003 1194 veluti
1028 1147 1295 1214 protrudere
1324 1152 1534 1196 cernitur.
1583 1147 1691 1196 Vidi
1729 1152 1868 1197 etiam

195 1215 319 1263 aliud
348 1221 509 1265 Romae
540 1219 589 1262 in
622 1233 715 1263 vno
740 1214 869 1263 altari
894 1210 1101 1264 Ecclefiae
1132 1217 1292 1264 nostrae
1324 1214 1611 1266 Sanffiffimae
1630 1220 1869 1266 Trinitatis

196 1289 365 1332 montis
387 1287 553 1344 Pincii,
576 1282 655 1332 vbi
675 1283 843 1334 Christi
856 1287 1028 1340 mortui
1055 1282 1392 1353 'depositionem
1419 1284 1442 1332 e
1469 1302 1603 1334 cruce
1629 1282 1869 1352 repraesen-

197 1358 310 1402 tauit
334 1351 504 1402 Daniel
529 1351 826 1402 Ricciarellus
850 1350 1203 1415 Volaterranus3
1230 1363 1274 1403 ὃς
1301 1353 1535 1404 'Christum
1552 1351 1677 1402 velut
1705 1358 1871 1421 prima-

194 1427 307 1471 riam
325 1420 489 1471 tabulae
505 1420 701 1491 figuram
716 1420 1009 1471 adumbrauit
1024 1426 1153 1470 tanto
1172 1422 1365 1472 artificio
1384 1441 1431 1471 vt
1451 1419 1673 1490 speetatus
1707 1422 1731 1469 ἐ
1756 1421 1868 1472 late—¹

198 1511 242 1540 re
259 1489 458 1551 sinistro,
475 1489 639 1540 tabulae
656 1491 795 1560 plano
812 1490 936 1539 velut
956 1488 1205 1540 transuersd
1233 1490 1502 1541 incumbere
1527 1492 1732 1541 videatur
1749 1502 1793 1541 &
1807 1492 1867 1540 ad

199 1560 411 1610 eamdem
430 1577 606 1629 partem
622 1574 701 1629 pes
721 1560 838 1608 illius
859 1560 1015 1607 dexter
1035 1558 1237 1628 prosilire
1257 1589 1268 1620 3
1287 1577 1332 1609 at
1352 1567 1399 1609 in
1427 1560 1582 1609 dextra
1608 1578 1733 1628 parte
1756 1575 1871 1610 con-⁴

198 1632 358 1679 stitutis
377 1647 529 1678 totum
546 1648 711 1697 corpus
734 1627 862 1698 quasi
879 1633 1084 1677 emotum
1106 1632 1154 1677 in
1171 1628 1345 1691 tabula,
1373 1647 1513 1699 atque
1536 1630 1659 1678 idern
1686 1648 1763 1697 pes
1789 1635 1872 1700 qui

197 1703 319 1770 prius
335 1695 482 1747 versus
501 1694 743 1759 finistram,
762 1716 853 1746 iam
867 1697 926 1744 ad
948 1697 1180 1746 dexteram
1211 1696 1446 1766 protensus
1476 1716 1689 1766 appareat
1711 1726 1721 1758 3
1741 1699 1873 1767 quod

195 1770 275 1819 hic
301 1772 453 1817 etiams
465 1765 684 1836 agnoscet
711 1771 792 1836 qui
817 1765 942 1814 volet
972 1767 1147 1816 attente
1172 1766 1477 1836 contemplari
1508 1771 1726 1835 effitypum
1749 1768 1866 1817 illius

195 1834 361 1888 'tabulae
383 1837 512 1905 quod
532 1834 739 1885 Ecclefiae
754 1836 914 1884 nostrae
929 1833 1181 1885 Parifiensis
1190 1836 1247 1883 ad
1258 1836 1640 1904 Hippodromum
1650 1841 1870 1907 Regium,

196 1907 334 1957 altare
355 1909 498 1955 maius
520 1923 720 1954 exornat.
905 1957 908 1961 ‚

269 1980 326 2025 Et
344 1976 424 2024 ista
439 1975 630 2043 quidem
644 1973 763 2023 fiunt
782 1972 980 2023 mirabili
999 1973 1100 2023 sane
1118 1974 1163 2024 &
1183 1974 1365 2025 occulta
1393 1974 1595 2043 quadam
1627 1979 1671 2023 vi
1695 1993 1748 2025 ac
1767 1985 1873 2044 pro.

199 2049 409 2114 Prietate,
427 2049 553 2093 cuius
572 2048 800 2093 rationem
822 2043 1012 2093 reddere
1037 2044 1306 2112 perdifficile
1325 2045 1389 2094 est
1409 2085 1421 2105 ‚
1444 2041 1521 2092 sed
1546 2043 1697 2093 adhuc
1722 2044 1871 2093 multo

198 2113 423 2163 ‘difficilius
487 2132 537 2179 ro
569 2111 790 2163 similibus
814 2112 1129 2162 construendis
1160 2129 1383 2183 praecepta
1414 2124 1458 2163 &
1491 2112 1669 2183 regulas
1698 2114 1874 2162 tradere

142 2236 152 2243 .
201 2181 370 2253 quibus
391 2131 693 2232 ingilhbilioer
709 2183 768 2230 ad
781 2188 1013 2231 intentum
1034 2180 1177 2230 finem
1200 2187 1515 2250 perueniatur:
1539 2182 1806 2250 dependent
1822 2182 1876 2231 il-

201 2252 244 2301 la
266 2256 483 2300 nimirum
505 2270 604 2300 non
625 2252 777 2315 ‚modo
807 2270 860 2299 ex
893 2251 1116 2320 graphide
1143 2249 1235 2299 siue
1262 2270 1357 2300 arte
1397 2251 1688 2305 delineafidi‚
1715 2249 1877 2301 verum

202 2325 341 2370 etiam
370 2338 422 2369 ex
438 2329 645 2390 congrua
668 2318 879 2368 colorum
896 2320 1188 2381 inductione,
1209 2319 1510 2390 appositaque
1532 2319 1715 2369 luminis
1736 2361 1749 2380 ‚
1778 2328 1878 2369 vm-

204 2389 389 2439 brarum
409 2400 452 2439 δε
471 2389 722 2439 recessuum
739 2386 1040 2458 expreffio'n'e,
1053 2394 1116 2438 ita
1132 2407 1180 2438 vt
1199 2388 1367 2457 possint
1386 2387 1579 2458 insignia
1596 2394 1778 2457 piolurae
1789 2395 1875 2437 mi-

202 2457 355 2511 racula
371 2460 633 2520 existimari,
653 2476 752 2527 quae
770 2456 851 2506 soli
868 2458 1070 2526 praestare
1092 2475 1266 2526 queant
1284 2457 1479 2508 artifices
1497 2457 1688 2506 illustres
1706 2462 1754 2505 in
1773 2477 1874 2527 gra-

234 2527 345 2576 ·hide
372 2526 621 2596 peritiffimi
652 2537 696 2577 δε
720 2531 768 2574 in
796 2527 1068 2576 inducendis
1097 2526 1337 2577 coloribus
1355 2526 1669 2596 expertissimi,
1692 2526 1879 2596 qualem

204 2546 335 2645 {uisse
352 2596 481 2666 supra
499 2601 792 2646 nominatum
811 2595 1059 2646 Danielem
1079 2596 1433 2646 Volaterranum
1451 2594 1550 2644 satis
1575 2593 1801 2664 superque
1820 2614 1880 2645 te-

204 2667 377 2714 stantur
394 2671 558 2714 eximia
578 2681 718 2734 opera
743 2682 843 2734 quae
863 2664 1073 2734 reliquit,
1092 2684 1233 2734 atque
1248 2671 1368 2715 inter
1384 2665 1471 2731 alia
1497 2664 1594 2713 duae
1625 2663 1808 2732 capellae
1829 2669 1878 2713 in

205 2734 330 2782 dieto
357 2733 567 2783 caenobio
595 2733 752 2782 nostro
782 2740 1000 2784 Romano
1035 2754 1147 2805 quas
1174 2733 1248 2783 sua
1275 2747 1416 2784 manu
1439 2734 1676 2802 depinxit:
1694 2750 1783 2781 vna
1808 2734 1875 2782 est

204 2821 305 2872 quae
326 2801 469 2852 habet
486 2800 716 2873 insignem
733 2802 859 2851 illam
877 2802 1084 2853 tabulam
1105 2803 1272 2853 Christi
1292 2803 1315 2852 ἐ
1332 2811 1470 2853 cruce
1492 2800 1714 2871 dep’ofiti3
1738 2801 1878 2857 altera

203 2890 312 2920 vero
333 2891 385 2921 ex
405 2871 493 2922 alia
509 2871 672 2941 templi
687 2889 814 2940 parte
832 2870 939 2921 huic
966 2871 1177 2941 oppofita
1197 2913 1209 2933 ‚
1232 2871 1312 2922 vbi
1338 2873 1609 2940 assumptam
1634 2875 1682 2919 in
1709 2870 1880 2920 coelum'

206 2946 393 2989 Beatam
408 2946 651 3011 Virginem
669 2938 1206 3010 exhibet&suspicientes
1218 2941 1466 3010 Apostolos
1477 2948 1523 2988 in
1536 2943 1736 3008 quorum
1746 2932 1879 2988 vulti·-

205 3007 294 3059 bus
325 3008 734 3059 celeberrimorum
767 3007 843 3058 sua
871 3027 997 3059 aetate
1024 3014 1254 3079 pietorum
1278 3009 1624 3077 similitudinem
1648 3009 1706 3058 ad
1722 3011 1880 3056 viuum

205 3075 530 3147 repraesentasse
551 3079 727 3133 dicitur.
745 3076 921 3128 Verum
950 3079 1074 3128 haud
1090 3079 1242 3128 insola
1270 3085 1444 3148 pictura
1470 3077 1705 3137 excelluit,
1726 3075 1800 3125 fed
1825 3080 1873 3123 in

207 3147 508 3196 archioeffiiura
525 3166 720 3217 quoque
738 3157 783 3196 &
804 3147 1096 3217 anaglyptica
1113 3150 1320 3216 praestans
1340 3146 1428 3198 fuit
1446 3186 1459 3203 ,
1477 3148 1594 3197 adeo
1612 3163 1660 3194 vt
1675 3143 1879 3195 Michael

206 3217 415 3286 Angelus
436 3222 698 3265 Buonarota
713 3218 897 3265 istarum
913 3223 1079 3266 artium
1095 3218 1174 3266 suo
1192 3215 1350 3266 saeculo
1362 3213 1495 3266 facile
1505 3220 1715 3283 princeps
1725 3254 1738 3274 ,
1749 3214 1879 3262 illum

208 3284 354 3333 solum
371 3283 413 3333 se
437 3283 608 3333 habere
627 3285 751 3354 poffe
769 3289 1130 3353 competitorem
1148 3282 1619 3354 agnouerit‚maxime
1641 3301 1748 3331 cum
1768 3286 1809 3330 ei
1827 3302 1879 3333 ex

212 3372 292 3402 aere
309 3351 597 3405 fundendam
620 3353 783 3404 detulit
802 3353 1062 3423 equestrem
1082 3355 1208 3404 illam
1224 3355 1416 3404 statuam
1434 3352 1689 3403 coloffaeam
1718 3352 1882 3402 decem

1533 3424 1610 3470 Aa
1681 3424 1725 3485 iij
