<?xml version="1.0" encoding="UTF-8"?>
<!DOCTYPE html PUBLIC "-//W3C//DTD XHTML 1.0 Transitional//EN"
    "http://www.w3.org/TR/xhtml1/DTD/xhtml1-transitional.dtd">
<html xmlns="http://www.w3.org/1999/xhtml" xml:lang="en" lang="en">
 <head>
  <title>
</title>
<meta http-equiv="Content-Type" content="text/html;charset=utf-8" />
  <meta name='ocr-system' content='tesseract 3.04.00' />
  <meta name='ocr-capabilities' content='ocr_page ocr_carea ocr_par ocr_line ocrx_word'/>
</head>
<body>
  <div class='ocr_page' id='page_1' title='image "./rpioannisfrancis00nice_0038.png"; bbox 0 0 2498 3898; ppageno 0'>
   <div class='ocr_carea' id='block_1_1' title="bbox 543 286 2252 637">
    <p class='ocr_par' dir='ltr' id='par_1_1' title="bbox 543 286 2252 434">
     <span class='ocr_line' id='line_1_1' title="bbox 546 286 2252 361; baseline -0.005 -16"><span class='ocrx_word' id='word_1_1' title='bbox 546 296 817 358; x_wconf 86' lang='lat' dir='ltr'><strong>strationum</strong></span> <span class='ocrx_word' id='word_1_2' title='bbox 829 291 1008 342; x_wconf 89' lang='lat' dir='ltr'><strong>suarum</strong></span> <span class='ocrx_word' id='word_1_3' title='bbox 1019 293 1239 343; x_wconf 67' lang='lat' dir='ltr'><strong>effee&#39;mm</strong></span> <span class='ocrx_word' id='word_1_4' title='bbox 1255 291 1461 361; x_wconf 82' lang='lat' dir='ltr'>aliquem</span> <span class='ocrx_word' id='word_1_5' title='bbox 1484 286 1744 338; x_wconf 83' lang='lat' dir='ltr'><strong>sensibilem</strong></span> <span class='ocrx_word' id='word_1_6' title='bbox 1765 290 2098 357; x_wconf 78' lang='lat' dir='ltr'>producerent,</span> <span class='ocrx_word' id='word_1_7' title='bbox 2119 289 2143 339; x_wconf 66' lang='lat' dir='ltr'><strong>a</strong></span> <span class='ocrx_word' id='word_1_8' title='bbox 2164 289 2252 340; x_wconf 70' lang='lat' dir='ltr'><strong>sin-.</strong></span> 
     </span>
     <span class='ocr_line' id='line_1_2' title="bbox 543 359 1578 434; baseline -0.008 -20"><span class='ocrx_word' id='word_1_9' title='bbox 543 364 691 434; x_wconf 82' lang='lat' dir='ltr'><strong>gulari</strong></span> <span class='ocrx_word' id='word_1_10' title='bbox 709 362 783 413; x_wconf 88' lang='lat' dir='ltr'><strong>sua</strong></span> <span class='ocrx_word' id='word_1_11' title='bbox 794 368 990 432; x_wconf 86' lang='lat' dir='ltr'><strong>puritate</strong></span> <span class='ocrx_word' id='word_1_12' title='bbox 1005 359 1248 411; x_wconf 87' lang='lat' dir='ltr'><strong>desciscere</strong></span> <span class='ocrx_word' id='word_1_13' title='bbox 1259 360 1578 410; x_wconf 83' lang='lat' dir='ltr'>arbitrabatur.</span> 
     </span>
    </p>

    <p class='ocr_par' dir='ltr' id='par_1_2' title="bbox 544 426 2252 637">
     <span class='ocr_line' id='line_1_3' title="bbox 618 426 2251 501; baseline 0 -21"><span class='ocrx_word' id='word_1_14' title='bbox 618 433 806 484; x_wconf 82' lang='lat' dir='ltr'><strong>Facilius</strong></span> <span class='ocrx_word' id='word_1_15' title='bbox 824 430 926 482; x_wconf 89' lang='lat' dir='ltr'><strong>sane</strong></span> <span class='ocrx_word' id='word_1_16' title='bbox 941 442 986 482; x_wconf 85' lang='lat'>&amp;</span> <span class='ocrx_word' id='word_1_17' title='bbox 1001 436 1173 501; x_wconf 85' lang='lat' dir='ltr'><strong>aequius</strong></span> <span class='ocrx_word' id='word_1_18' title='bbox 1185 448 1360 501; x_wconf 83' lang='lat' dir='ltr'><strong>magno</strong></span> <span class='ocrx_word' id='word_1_19' title='bbox 1377 427 1652 480; x_wconf 78' lang='lat' dir='ltr'><strong>Archimedi</strong></span> <span class='ocrx_word' id='word_1_20' title='bbox 1668 426 1900 476; x_wconf 86' lang='lat' dir='ltr'><strong>calculum</strong></span> <span class='ocrx_word' id='word_1_21' title='bbox 1921 431 2132 479; x_wconf 81' lang='lat' dir='ltr'><strong>adiiciam</strong></span> <span class='ocrx_word' id='word_1_22' title='bbox 2145 474 2156 493; x_wconf 88' lang='lat'>‚</span> <span class='ocrx_word' id='word_1_23' title='bbox 2169 438 2251 500; x_wconf 91' lang='lat' dir='ltr'><strong>qui</strong></span> 
     </span>
     <span class='ocr_line' id='line_1_4' title="bbox 544 496 2248 570; baseline -0.001 -18"><span class='ocrx_word' id='word_1_24' title='bbox 544 500 970 552; x_wconf 86' lang='lat' dir='ltr'><strong>summamistarum</strong></span> <span class='ocrx_word' id='word_1_25' title='bbox 986 499 1277 550; x_wconf 84' lang='lat' dir='ltr'><strong>scientiarum</strong></span> <span class='ocrx_word' id='word_1_26' title='bbox 1294 500 1572 570; x_wconf 84' lang='lat' dir='ltr'><strong>dignitatem</strong></span> <span class='ocrx_word' id='word_1_27' title='bbox 1590 501 1635 548; x_wconf 64' lang='grc' dir='ltr'><strong>ὃς</strong></span> <span class='ocrx_word' id='word_1_28' title='bbox 1655 496 1978 546; x_wconf 80' lang='lat' dir='ltr'><strong>excellentiam</strong></span> <span class='ocrx_word' id='word_1_29' title='bbox 1997 505 2044 547; x_wconf 93' lang='lat' dir='ltr'><strong>in</strong></span> <span class='ocrx_word' id='word_1_30' title='bbox 2064 505 2248 549; x_wconf 62' lang='lat' dir='ltr'><strong>aetione</strong></span> 
     </span>
     <span class='ocr_line' id='line_1_5' title="bbox 545 565 2252 637; baseline -0.002 -15"><span class='ocrx_word' id='word_1_31' title='bbox 545 570 884 631; x_wconf 86' lang='lat' dir='ltr'><strong>constituebat,</strong></span> <span class='ocrx_word' id='word_1_32' title='bbox 905 568 966 619; x_wconf 85' lang='lat' dir='ltr'><strong>fic</strong></span> <span class='ocrx_word' id='word_1_33' title='bbox 979 588 1027 618; x_wconf 89' lang='lat' dir='ltr'><strong>vt</strong></span> <span class='ocrx_word' id='word_1_34' title='bbox 1038 569 1110 618; x_wconf 91' lang='lat' dir='ltr'><strong>vel</strong></span> <span class='ocrx_word' id='word_1_35' title='bbox 1127 574 1371 618; x_wconf 83' lang='lat' dir='ltr'><strong>minimam</strong></span> <span class='ocrx_word' id='word_1_36' title='bbox 1392 587 1549 618; x_wconf 89' lang='lat' dir='ltr'><strong>earum</strong></span> <span class='ocrx_word' id='word_1_37' title='bbox 1573 585 1751 637; x_wconf 87' lang='lat' dir='ltr'><strong>partem</strong></span> <span class='ocrx_word' id='word_1_38' title='bbox 1773 585 1930 616; x_wconf 89' lang='lat' dir='ltr'><strong>tenere</strong></span> <span class='ocrx_word' id='word_1_39' title='bbox 1947 565 1989 616; x_wconf 88' lang='lat' dir='ltr'><strong>se</strong></span> <span class='ocrx_word' id='word_1_40' title='bbox 2002 567 2252 632; x_wconf 81' lang='lat' dir='ltr'><strong>dubitaret,</strong></span> 
     </span>
    </p>
   </div>
   <div class='ocr_carea' id='block_1_2' title="bbox 547 636 2286 3417">
    <p class='ocr_par' dir='ltr' id='par_1_3' title="bbox 547 636 2271 2025">
     <span class='ocr_line' id='line_1_6' title="bbox 548 636 2252 711; baseline -0.001 -21"><span class='ocrx_word' id='word_1_41' title='bbox 548 660 691 711; x_wconf 90' lang='lat' dir='ltr'><strong>quam</strong></span> <span class='ocrx_word' id='word_1_42' title='bbox 702 641 761 689; x_wconf 89' lang='lat' dir='ltr'><strong>ad</strong></span> <span class='ocrx_word' id='word_1_43' title='bbox 774 644 1099 708; x_wconf 86' lang='lat' dir='ltr'><strong>operationem</strong></span> <span class='ocrx_word' id='word_1_44' title='bbox 1111 649 1155 688; x_wconf 73' lang='grc' dir='ltr'><strong>δε</strong></span> <span class='ocrx_word' id='word_1_45' title='bbox 1165 636 1293 686; x_wconf 90' lang='lat' dir='ltr'><strong>vsum</strong></span> <span class='ocrx_word' id='word_1_46' title='bbox 1305 643 1545 709; x_wconf 86' lang='lat' dir='ltr'><strong>proprium</strong></span> <span class='ocrx_word' id='word_1_47' title='bbox 1555 655 1654 687; x_wconf 93' lang='lat' dir='ltr'><strong>non</strong></span> <span class='ocrx_word' id='word_1_48' title='bbox 1666 655 1920 686; x_wconf 84' lang='lat' dir='ltr'><strong>reuocaret.</strong></span> <span class='ocrx_word' id='word_1_49' title='bbox 1942 641 2059 704; x_wconf 81' lang='lat' dir='ltr'><strong>Qis</strong></span> <span class='ocrx_word' id='word_1_50' title='bbox 2081 657 2252 707; x_wconf 86' lang='lat' dir='ltr'><strong>nempe</strong></span> 
     </span>
     <span class='ocr_line' id='line_1_7' title="bbox 547 705 2255 776; baseline -0.002 -17"><span class='ocrx_word' id='word_1_51' title='bbox 547 710 695 759; x_wconf 84' lang='lat' dir='ltr'><strong>valeat</strong></span> <span class='ocrx_word' id='word_1_52' title='bbox 707 707 901 758; x_wconf 87' lang='lat' dir='ltr'><strong>inficiari</strong></span> <span class='ocrx_word' id='word_1_53' title='bbox 910 708 1013 776; x_wconf 90' lang='lat' dir='ltr'><strong>post</strong></span> <span class='ocrx_word' id='word_1_54' title='bbox 1025 726 1096 757; x_wconf 91' lang='lat' dir='ltr'><strong>tot</strong></span> <span class='ocrx_word' id='word_1_55' title='bbox 1109 707 1401 755; x_wconf 89' lang='lat' dir='ltr'><strong>historiarum</strong></span> <span class='ocrx_word' id='word_1_56' title='bbox 1410 705 1553 755; x_wconf 85' lang='lat' dir='ltr'><strong>fidem</strong></span> <span class='ocrx_word' id='word_1_57' title='bbox 1563 745 1577 761; x_wconf 91' lang='lat'><em>,</em></span> <span class='ocrx_word' id='word_1_58' title='bbox 1589 725 1660 754; x_wconf 89' lang='lat' dir='ltr'><strong>tot</strong></span> <span class='ocrx_word' id='word_1_59' title='bbox 1672 711 2097 773; x_wconf 82' lang='lat' dir='ltr'><strong>experimentorum</strong></span> <span class='ocrx_word' id='word_1_60' title='bbox 2119 713 2255 756; x_wconf 88' lang='lat' dir='ltr'><strong>certi-</strong></span> 
     </span>
     <span class='ocr_line' id='line_1_8' title="bbox 549 773 2255 840; baseline -0.001 -12"><span class='ocrx_word' id='word_1_61' title='bbox 549 777 876 840; x_wconf 86' lang='lat' dir='ltr'><strong>tudinem‚illas</strong></span> <span class='ocrx_word' id='word_1_62' title='bbox 889 782 1131 827; x_wconf 86' lang='lat' dir='ltr'><strong>innumera</strong></span> <span class='ocrx_word' id='word_1_63' title='bbox 1139 773 1277 824; x_wconf 91' lang='lat' dir='ltr'><strong>nobis</strong></span> <span class='ocrx_word' id='word_1_64' title='bbox 1289 776 1542 825; x_wconf 89' lang='lat' dir='ltr'><strong>commoda</strong></span> <span class='ocrx_word' id='word_1_65' title='bbox 1551 774 1805 825; x_wconf 85' lang='lat' dir='ltr'><strong>&amp;infinitas</strong></span> <span class='ocrx_word' id='word_1_66' title='bbox 1818 776 2033 826; x_wconf 88' lang='lat' dir='ltr'><strong>vtilitates</strong></span> <span class='ocrx_word' id='word_1_67' title='bbox 2045 776 2255 840; x_wconf 84' lang='lat' dir='ltr'><strong>attulisse,</strong></span> 
     </span>
     <span class='ocr_line' id='line_1_9' title="bbox 549 844 2257 916; baseline -0.002 -17"><span class='ocrx_word' id='word_1_68' title='bbox 549 859 595 899; x_wconf 89' lang='lat'>&amp;</span> <span class='ocrx_word' id='word_1_69' title='bbox 605 847 838 899; x_wconf 89' lang='lat' dir='ltr'><strong>mirabiles</strong></span> <span class='ocrx_word' id='word_1_70' title='bbox 852 845 987 916; x_wconf 68' lang='lat' dir='ltr'><strong>plane</strong></span> <span class='ocrx_word' id='word_1_71' title='bbox 1000 847 1189 896; x_wconf 65' lang='lat' dir='ltr'><strong>effecws</strong></span> <span class='ocrx_word' id='word_1_72' title='bbox 1203 844 1423 914; x_wconf 77' lang='lat' dir='ltr'><strong>peperisse</strong></span> <span class='ocrx_word' id='word_1_73' title='bbox 1435 886 1447 906; x_wconf 87' lang='lat'>‚</span> <span class='ocrx_word' id='word_1_74' title='bbox 1461 844 1631 913; x_wconf 90' lang='lat' dir='ltr'><strong>quibus</strong></span> <span class='ocrx_word' id='word_1_75' title='bbox 1642 846 1965 894; x_wconf 84' lang='lat' dir='ltr'><strong>enumerandis</strong></span> <span class='ocrx_word' id='word_1_76' title='bbox 1981 844 2160 895; x_wconf 80' lang='lat' dir='ltr'><strong>sivelim</strong></span> <span class='ocrx_word' id='word_1_77' title='bbox 2172 852 2257 895; x_wconf 89' lang='lat' dir='ltr'><strong>im-</strong></span> 
     </span>
     <span class='ocr_line' id='line_1_10' title="bbox 551 912 2257 987; baseline -0.002 -19"><span class='ocrx_word' id='word_1_78' title='bbox 551 923 735 980; x_wconf 88' lang='lat' dir='ltr'><strong>morari,</strong></span> <span class='ocrx_word' id='word_1_79' title='bbox 751 916 874 987; x_wconf 79' lang='lat' dir='ltr'><strong>prius</strong></span> <span class='ocrx_word' id='word_1_80' title='bbox 885 935 961 966; x_wconf 91' lang='lat' dir='ltr'><strong>me</strong></span> <span class='ocrx_word' id='word_1_81' title='bbox 972 914 1250 966; x_wconf 87' lang='lat' dir='ltr'><strong>scribentem</strong></span> <span class='ocrx_word' id='word_1_82' title='bbox 1261 915 1355 962; x_wconf 88' lang='lat' dir='ltr'><strong>dies</strong></span> <span class='ocrx_word' id='word_1_83' title='bbox 1371 912 1557 963; x_wconf 91' lang='lat' dir='ltr'><strong>deficiet</strong></span> <span class='ocrx_word' id='word_1_84' title='bbox 1567 956 1580 975; x_wconf 84' lang='lat'>‚</span> <span class='ocrx_word' id='word_1_85' title='bbox 1592 931 1735 983; x_wconf 87' lang='lat' dir='ltr'><strong>quam</strong></span> <span class='ocrx_word' id='word_1_86' title='bbox 1745 919 1978 981; x_wconf 90' lang='lat' dir='ltr'><strong>potuerim</strong></span> <span class='ocrx_word' id='word_1_87' title='bbox 1987 914 2166 984; x_wconf 84' lang='lat' dir='ltr'><strong>singula</strong></span> <span class='ocrx_word' id='word_1_88' title='bbox 2176 935 2257 965; x_wconf 87' lang='lat' dir='ltr'><strong>na-</strong></span> 
     </span>
     <span class='ocr_line' id='line_1_11' title="bbox 551 980 2252 1053; baseline -0.002 -15"><span class='ocrx_word' id='word_1_89' title='bbox 551 1007 660 1038; x_wconf 84' lang='lat' dir='ltr'><strong>turae</strong></span> <span class='ocrx_word' id='word_1_90' title='bbox 679 999 723 1039; x_wconf 71' lang='grc' dir='ltr'><strong>ὃς</strong></span> <span class='ocrx_word' id='word_1_91' title='bbox 743 991 849 1036; x_wconf 89' lang='lat' dir='ltr'><strong>artis</strong></span> <span class='ocrx_word' id='word_1_92' title='bbox 870 985 1093 1035; x_wconf 87' lang='lat' dir='ltr'><strong>miracula</strong></span> <span class='ocrx_word' id='word_1_93' title='bbox 1114 983 1453 1033; x_wconf 78' lang='lat' dir='ltr'><strong>mathematicis</strong></span> <span class='ocrx_word' id='word_1_94' title='bbox 1482 980 1685 1033; x_wconf 69' lang='lat' dir='ltr'><strong>subiec&#39;ta</strong></span> <span class='ocrx_word' id='word_1_95' title='bbox 1712 988 1947 1053; x_wconf 84' lang='lat' dir='ltr'><strong>principiis</strong></span> <span class='ocrx_word' id='word_1_96' title='bbox 1977 1003 2252 1053; x_wconf 87' lang='lat' dir='ltr'><strong>percurrere.</strong></span> 
     </span>
     <span class='ocr_line' id='line_1_12' title="bbox 553 1053 2258 1123; baseline -0.003 -15"><span class='ocrx_word' id='word_1_97' title='bbox 553 1058 700 1109; x_wconf 88' lang='lat' dir='ltr'><strong>Mitto</strong></span> <span class='ocrx_word' id='word_1_98' title='bbox 709 1054 989 1106; x_wconf 81' lang='lat' dir='ltr'><strong>nobilissima</strong></span> <span class='ocrx_word' id='word_1_99' title='bbox 1000 1054 1302 1105; x_wconf 90' lang='lat' dir='ltr'><strong>Mechanices</strong></span> <span class='ocrx_word' id='word_1_100' title='bbox 1311 1053 1612 1103; x_wconf 89' lang='lat' dir='ltr'><strong>instrumenta</strong></span> <span class='ocrx_word' id='word_1_101' title='bbox 1621 1094 1634 1114; x_wconf 81' lang='lat'>‚</span> <span class='ocrx_word' id='word_1_102' title='bbox 1647 1071 1849 1122; x_wconf 90' lang='lat' dir='ltr'><strong>quorum</strong></span> <span class='ocrx_word' id='word_1_103' title='bbox 1866 1053 2088 1123; x_wconf 85' lang='lat' dir='ltr'><strong>pleraque</strong></span> <span class='ocrx_word' id='word_1_104' title='bbox 2099 1096 2112 1115; x_wconf 89' lang='lat'><em>‚</em></span> <span class='ocrx_word' id='word_1_105' title='bbox 2124 1054 2258 1123; x_wconf 77' lang='lat' dir='ltr'><strong>quod</strong></span> 
     </span>
     <span class='ocr_line' id='line_1_13' title="bbox 553 1121 2259 1196; baseline -0.004 -17"><span class='ocrx_word' id='word_1_106' title='bbox 553 1135 645 1179; x_wconf 89' lang='lat' dir='ltr'><strong>iam</strong></span> <span class='ocrx_word' id='word_1_107' title='bbox 654 1126 749 1177; x_wconf 75' lang='lat' dir='ltr'><strong>fere</strong></span> <span class='ocrx_word' id='word_1_108' title='bbox 760 1126 955 1196; x_wconf 82' lang='lat' dir='ltr'><strong>vulgaris</strong></span> <span class='ocrx_word' id='word_1_109' title='bbox 967 1123 1054 1175; x_wconf 84' lang='lat' dir='ltr'><strong>sint</strong></span> <span class='ocrx_word' id='word_1_110' title='bbox 1064 1123 1244 1174; x_wconf 87' lang='lat' dir='ltr'><strong>artificii</strong></span> <span class='ocrx_word' id='word_1_111' title='bbox 1253 1165 1266 1185; x_wconf 84' lang='lat'>‚</span> <span class='ocrx_word' id='word_1_112' title='bbox 1276 1128 1347 1171; x_wconf 84' lang='lat' dir='ltr'><strong>vix</strong></span> <span class='ocrx_word' id='word_1_113' title='bbox 1360 1121 1592 1172; x_wconf 81' lang='lat' dir='ltr'><strong>habentur</strong></span> <span class='ocrx_word' id='word_1_114' title='bbox 1608 1128 1655 1171; x_wconf 92' lang='lat' dir='ltr'><strong>in</strong></span> <span class='ocrx_word' id='word_1_115' title='bbox 1667 1123 1816 1190; x_wconf 60' lang='lat' dir='ltr'><strong>pretio</strong></span> <span class='ocrx_word' id='word_1_116' title='bbox 1827 1165 1840 1184; x_wconf 85' lang='lat'><em>‚</em></span> <span class='ocrx_word' id='word_1_117' title='bbox 1853 1143 1962 1172; x_wconf 91' lang='lat' dir='ltr'><strong>cum</strong></span> <span class='ocrx_word' id='word_1_118' title='bbox 1982 1143 2138 1173; x_wconf 89' lang='lat' dir='ltr'><strong>tamen</strong></span> <span class='ocrx_word' id='word_1_119' title='bbox 2156 1124 2259 1172; x_wconf 87' lang='lat' dir='ltr'><strong>illo-</strong></span> 
     </span>
     <span class='ocr_line' id='line_1_14' title="bbox 555 1189 2258 1260; baseline -0.004 -12"><span class='ocrx_word' id='word_1_120' title='bbox 555 1218 660 1249; x_wconf 88' lang='lat' dir='ltr'><strong>rum</strong></span> <span class='ocrx_word' id='word_1_121' title='bbox 673 1194 771 1245; x_wconf 83' lang='lat' dir='ltr'><strong>vsus</strong></span> <span class='ocrx_word' id='word_1_122' title='bbox 791 1193 846 1244; x_wconf 85' lang='lat' dir='ltr'><strong>fit</strong></span> <span class='ocrx_word' id='word_1_123' title='bbox 864 1195 1122 1244; x_wconf 85' lang='lat' dir='ltr'><strong>admodum</strong></span> <span class='ocrx_word' id='word_1_124' title='bbox 1141 1193 1434 1254; x_wconf 81' lang='lat' dir='ltr'><strong>necessarius,</strong></span> <span class='ocrx_word' id='word_1_125' title='bbox 1451 1189 1791 1260; x_wconf 88' lang='lat' dir='ltr'><strong>mouendisque</strong></span> <span class='ocrx_word' id='word_1_126' title='bbox 1812 1203 1857 1243; x_wconf 90' lang='lat'>&amp;</span> <span class='ocrx_word' id='word_1_127' title='bbox 1873 1193 2142 1242; x_wconf 81' lang='lat' dir='ltr'><strong>attollendis</strong></span> <span class='ocrx_word' id='word_1_128' title='bbox 2172 1199 2258 1242; x_wconf 80' lang='lat' dir='ltr'><strong>im-</strong></span> 
     </span>
     <span class='ocr_line' id='line_1_15' title="bbox 556 1259 2259 1333; baseline -0.004 -15"><span class='ocrx_word' id='word_1_129' title='bbox 556 1265 720 1318; x_wconf 85' lang='lat' dir='ltr'><strong>mensae</strong></span> <span class='ocrx_word' id='word_1_130' title='bbox 730 1265 866 1316; x_wconf 90' lang='lat' dir='ltr'><strong>molis</strong></span> <span class='ocrx_word' id='word_1_131' title='bbox 876 1262 1186 1333; x_wconf 87' lang='lat' dir='ltr'><strong>ponderisque</strong></span> <span class='ocrx_word' id='word_1_132' title='bbox 1203 1261 1477 1330; x_wconf 86' lang='lat' dir='ltr'><strong>corporibus</strong></span> <span class='ocrx_word' id='word_1_133' title='bbox 1488 1262 1682 1311; x_wconf 86' lang='lat' dir='ltr'><strong>idoneus</strong></span> <span class='ocrx_word' id='word_1_134' title='bbox 1694 1282 1703 1308; x_wconf 89' lang='lat'>:</span> <span class='ocrx_word' id='word_1_135' title='bbox 1717 1259 1979 1312; x_wconf 90' lang='lat' dir='ltr'><strong>huiusmodi</strong></span> <span class='ocrx_word' id='word_1_136' title='bbox 1992 1260 2094 1311; x_wconf 92' lang='lat' dir='ltr'><strong>sunt</strong></span> <span class='ocrx_word' id='word_1_137' title='bbox 2103 1261 2259 1326; x_wconf 84' lang='lat' dir='ltr'><strong>Libra,</strong></span> 
     </span>
     <span class='ocr_line' id='line_1_16' title="bbox 555 1330 2262 1401; baseline -0.004 -13"><span class='ocrx_word' id='word_1_138' title='bbox 555 1340 718 1388; x_wconf 66' lang='lat' dir='ltr'><strong>Ve&amp;is</strong></span> <span class='ocrx_word' id='word_1_139' title='bbox 728 1378 740 1398; x_wconf 83' lang='lat'>‚</span> <span class='ocrx_word' id='word_1_140' title='bbox 750 1330 1282 1401; x_wconf 80' lang='lat' dir='ltr'><strong>Trochlea‚Polispastus</strong></span> <span class='ocrx_word' id='word_1_141' title='bbox 1294 1372 1307 1392; x_wconf 92' lang='lat'>,</span> <span class='ocrx_word' id='word_1_142' title='bbox 1318 1334 1425 1380; x_wconf 85' lang='lat' dir='ltr'><strong>Axis</strong></span> <span class='ocrx_word' id='word_1_143' title='bbox 1437 1337 1485 1379; x_wconf 90' lang='lat' dir='ltr'><strong>in</strong></span> <span class='ocrx_word' id='word_1_144' title='bbox 1493 1330 1776 1399; x_wconf 88' lang='lat' dir='ltr'><strong>peritrochio</strong></span> <span class='ocrx_word' id='word_1_145' title='bbox 1787 1372 1799 1391; x_wconf 89' lang='lat'>,</span> <span class='ocrx_word' id='word_1_146' title='bbox 1812 1337 2002 1381; x_wconf 88' lang='lat' dir='ltr'><strong>Cuneus</strong></span> <span class='ocrx_word' id='word_1_147' title='bbox 2012 1373 2024 1393; x_wconf 85' lang='lat'>‚</span> <span class='ocrx_word' id='word_1_148' title='bbox 2035 1331 2262 1396; x_wconf 79' lang='lat' dir='ltr'><strong>cochlea,</strong></span> 
     </span>
     <span class='ocr_line' id='line_1_17' title="bbox 556 1399 2266 1468; baseline -0.006 -9"><span class='ocrx_word' id='word_1_149' title='bbox 556 1410 852 1460; x_wconf 69' lang='lat' dir='ltr'><strong>pancratium</strong></span> <span class='ocrx_word' id='word_1_150' title='bbox 864 1447 875 1466; x_wconf 87' lang='lat'>‚</span> <span class='ocrx_word' id='word_1_151' title='bbox 889 1404 1245 1452; x_wconf 84' lang='lat' dir='ltr'><strong>Gloffocomum</strong></span> <span class='ocrx_word' id='word_1_152' title='bbox 1259 1404 1447 1468; x_wconf 79' lang='lat' dir='ltr'><strong>,Ergata</strong></span> <span class='ocrx_word' id='word_1_153' title='bbox 1459 1439 1472 1460; x_wconf 88' lang='lat'>,</span> <span class='ocrx_word' id='word_1_154' title='bbox 1487 1400 1689 1449; x_wconf 84' lang='lat' dir='ltr'><strong>Succulae</strong></span> <span class='ocrx_word' id='word_1_155' title='bbox 1701 1410 1745 1449; x_wconf 66' lang='grc' dir='ltr'><strong>ὃς</strong></span> <span class='ocrx_word' id='word_1_156' title='bbox 1762 1399 1851 1447; x_wconf 88' lang='lat' dir='ltr'><strong>alia</strong></span> <span class='ocrx_word' id='word_1_157' title='bbox 1867 1406 2111 1449; x_wconf 85' lang='lat' dir='ltr'><strong>innumera</strong></span> <span class='ocrx_word' id='word_1_158' title='bbox 2123 1443 2136 1462; x_wconf 85' lang='lat'>‚</span> <span class='ocrx_word' id='word_1_159' title='bbox 2148 1420 2266 1468; x_wconf 90' lang='lat' dir='ltr'><strong>quo-</strong></span> 
     </span>
     <span class='ocr_line' id='line_1_18' title="bbox 558 1467 2266 1543; baseline -0.005 -18"><span class='ocrx_word' id='word_1_160' title='bbox 558 1496 662 1526; x_wconf 90' lang='lat' dir='ltr'><strong>rum</strong></span> <span class='ocrx_word' id='word_1_161' title='bbox 675 1471 1032 1543; x_wconf 86' lang='lat' dir='ltr'><strong>ope&amp;subsidio</strong></span> <span class='ocrx_word' id='word_1_162' title='bbox 1041 1487 1249 1520; x_wconf 88' lang='lat' dir='ltr'><strong>carerent</strong></span> <span class='ocrx_word' id='word_1_163' title='bbox 1269 1468 1466 1518; x_wconf 87' lang='lat' dir='ltr'><strong>artifices</strong></span> <span class='ocrx_word' id='word_1_164' title='bbox 1479 1467 1539 1522; x_wconf 83' lang='lat' dir='ltr'><strong>,fi</strong></span> <span class='ocrx_word' id='word_1_165' title='bbox 1556 1473 1768 1538; x_wconf 78' lang='lat' dir='ltr'><strong>proprios</strong></span> <span class='ocrx_word' id='word_1_166' title='bbox 1792 1468 2008 1517; x_wconf 84' lang='lat' dir='ltr'><strong>theoricae</strong></span> <span class='ocrx_word' id='word_1_167' title='bbox 2031 1474 2266 1538; x_wconf 83' lang='lat' dir='ltr'><strong>cognitio-</strong></span> 
     </span>
     <span class='ocr_line' id='line_1_19' title="bbox 560 1532 2268 1608; baseline -0.004 -14"><span class='ocrx_word' id='word_1_168' title='bbox 560 1550 630 1595; x_wconf 88' lang='lat' dir='ltr'><strong>nis</strong></span> <span class='ocrx_word' id='word_1_169' title='bbox 643 1548 866 1594; x_wconf 89' lang='lat' dir='ltr'><strong>terminos</strong></span> <span class='ocrx_word' id='word_1_170' title='bbox 876 1541 1222 1591; x_wconf 86' lang='lat' dir='ltr'><strong>Mathematicae</strong></span> <span class='ocrx_word' id='word_1_171' title='bbox 1232 1535 1475 1608; x_wconf 70' lang='lat' dir='ltr'><strong>disciplinae</strong></span> <span class='ocrx_word' id='word_1_172' title='bbox 1488 1557 1733 1606; x_wconf 86' lang='lat' dir='ltr'><strong>nunquam</strong></span> <span class='ocrx_word' id='word_1_173' title='bbox 1751 1540 1929 1607; x_wconf 81' lang='lat' dir='ltr'><strong>egressae</strong></span> <span class='ocrx_word' id='word_1_174' title='bbox 1945 1532 2141 1587; x_wconf 85' lang='lat' dir='ltr'><strong>fuiffent.</strong></span> <span class='ocrx_word' id='word_1_175' title='bbox 2168 1544 2268 1589; x_wconf 82' lang='lat' dir='ltr'><strong>Ne-</strong></span> 
     </span>
     <span class='ocr_line' id='line_1_20' title="bbox 560 1603 2271 1685; baseline -0.005 -21"><span class='ocrx_word' id='word_1_176' title='bbox 560 1614 742 1685; x_wconf 73' lang='lat' dir='ltr'><strong>quehic</strong></span> <span class='ocrx_word' id='word_1_177' title='bbox 754 1609 970 1661; x_wconf 89' lang='lat' dir='ltr'><strong>recenseo</strong></span> <span class='ocrx_word' id='word_1_178' title='bbox 982 1613 1236 1659; x_wconf 83' lang='lat' dir='ltr'><strong>maximain</strong></span> <span class='ocrx_word' id='word_1_179' title='bbox 1248 1611 1398 1677; x_wconf 90' lang='lat' dir='ltr'><strong>Aquis</strong></span> <span class='ocrx_word' id='word_1_180' title='bbox 1412 1618 1455 1657; x_wconf 89' lang='lat'>&amp;</span> <span class='ocrx_word' id='word_1_181' title='bbox 1466 1603 1677 1656; x_wconf 87' lang='lat' dir='ltr'><strong>fontibus</strong></span> <span class='ocrx_word' id='word_1_182' title='bbox 1689 1609 1922 1676; x_wconf 78' lang='lat' dir='ltr'><strong>prodigia,</strong></span> <span class='ocrx_word' id='word_1_183' title='bbox 1936 1625 2092 1675; x_wconf 86' lang='lat' dir='ltr'><strong>neque</strong></span> <span class='ocrx_word' id='word_1_184' title='bbox 2113 1606 2271 1656; x_wconf 85' lang='lat' dir='ltr'><strong>infini-</strong></span> 
     </span>
     <span class='ocr_line' id='line_1_21' title="bbox 562 1677 2268 1749; baseline -0.004 -16"><span class='ocrx_word' id='word_1_185' title='bbox 562 1681 992 1749; x_wconf 84' lang='lat' dir='ltr'><strong>tainHydraulicis,</strong></span> <span class='ocrx_word' id='word_1_186' title='bbox 1008 1682 1315 1727; x_wconf 87' lang='lat' dir='ltr'><strong>Pneumaticis</strong></span> <span class='ocrx_word' id='word_1_187' title='bbox 1328 1681 1646 1728; x_wconf 82' lang='lat' dir='ltr'><strong>&amp;Automatis</strong></span> <span class='ocrx_word' id='word_1_188' title='bbox 1660 1677 1797 1745; x_wconf 66' lang='lat' dir='ltr'><strong>plane</strong></span> <span class='ocrx_word' id='word_1_189' title='bbox 1815 1677 2040 1744; x_wconf 86' lang='lat' dir='ltr'><strong>stupenda</strong></span> <span class='ocrx_word' id='word_1_190' title='bbox 2056 1696 2268 1726; x_wconf 87' lang='lat' dir='ltr'><strong>comme-</strong></span> 
     </span>
     <span class='ocr_line' id='line_1_22' title="bbox 559 1746 2267 1819; baseline -0.006 -15"><span class='ocrx_word' id='word_1_191' title='bbox 559 1773 695 1803; x_wconf 90' lang='lat' dir='ltr'><strong>moro</strong></span> <span class='ocrx_word' id='word_1_192' title='bbox 706 1780 716 1813; x_wconf 82' lang='lat'><em>3</em></span> <span class='ocrx_word' id='word_1_193' title='bbox 734 1771 842 1802; x_wconf 91' lang='lat' dir='ltr'><strong>cum</strong></span> <span class='ocrx_word' id='word_1_194' title='bbox 852 1751 910 1800; x_wconf 90' lang='lat' dir='ltr'><strong>ad</strong></span> <span class='ocrx_word' id='word_1_195' title='bbox 922 1746 1213 1819; x_wconf 82' lang='lat' dir='ltr'><strong>propositum</strong></span> <span class='ocrx_word' id='word_1_196' title='bbox 1223 1749 1433 1796; x_wconf 88' lang='lat' dir='ltr'><strong>nostrum</strong></span> <span class='ocrx_word' id='word_1_197' title='bbox 1443 1752 1590 1815; x_wconf 80' lang='lat' dir='ltr'><strong>magis</strong></span> <span class='ocrx_word' id='word_1_198' title='bbox 1603 1752 1831 1815; x_wconf 85' lang='lat' dir='ltr'><strong>pertineat</strong></span> <span class='ocrx_word' id='word_1_199' title='bbox 1844 1746 1891 1794; x_wconf 91' lang='lat' dir='ltr'><strong>id</strong></span> <span class='ocrx_word' id='word_1_200' title='bbox 1902 1752 1949 1793; x_wconf 89' lang='lat' dir='ltr'><strong>in</strong></span> <span class='ocrx_word' id='word_1_201' title='bbox 1969 1750 2014 1795; x_wconf 88' lang='lat' dir='ltr'>O</span> <span class='ocrx_word' id='word_1_202' title='bbox 2022 1753 2147 1814; x_wconf 87' lang='lat' dir='ltr'><strong>ptica</strong></span> <span class='ocrx_word' id='word_1_203' title='bbox 2165 1766 2267 1816; x_wconf 75' lang='lat' dir='ltr'><strong>per-</strong></span> 
     </span>
     <span class='ocr_line' id='line_1_23' title="bbox 564 1814 2267 1892; baseline -0.005 -19"><span class='ocrx_word' id='word_1_204' title='bbox 564 1823 736 1892; x_wconf 88' lang='lat' dir='ltr'><strong>spicere</strong></span> <span class='ocrx_word' id='word_1_205' title='bbox 747 1863 760 1884; x_wconf 85' lang='lat'>,</span> <span class='ocrx_word' id='word_1_206' title='bbox 771 1832 815 1872; x_wconf 74' lang='grc' dir='ltr'><strong>δε</strong></span> <span class='ocrx_word' id='word_1_207' title='bbox 828 1837 1058 1890; x_wconf 89' lang='lat' dir='ltr'><strong>quantum</strong></span> <span class='ocrx_word' id='word_1_208' title='bbox 1069 1819 1127 1867; x_wconf 88' lang='lat' dir='ltr'><strong>ad</strong></span> <span class='ocrx_word' id='word_1_209' title='bbox 1138 1816 1429 1867; x_wconf 83' lang='lat' dir='ltr'><strong>scientiarum</strong></span> <span class='ocrx_word' id='word_1_210' title='bbox 1439 1822 1653 1864; x_wconf 91' lang='lat' dir='ltr'><strong>omnium</strong></span> <span class='ocrx_word' id='word_1_211' title='bbox 1664 1820 2005 1864; x_wconf 80' lang='lat' dir='ltr'><strong>incrementum</strong></span> <span class='ocrx_word' id='word_1_212' title='bbox 2016 1853 2028 1873; x_wconf 95' lang='lat'>,</span> <span class='ocrx_word' id='word_1_213' title='bbox 2041 1817 2100 1866; x_wconf 91' lang='lat' dir='ltr'><strong>ad</strong></span> <span class='ocrx_word' id='word_1_214' title='bbox 2111 1814 2267 1886; x_wconf 78' lang='lat' dir='ltr'><strong>singu-</strong></span> 
     </span>
     <span class='ocr_line' id='line_1_24' title="bbox 563 1882 2270 1958; baseline -0.005 -15"><span class='ocrx_word' id='word_1_215' title='bbox 563 1894 711 1943; x_wconf 85' lang='lat' dir='ltr'><strong>larum</strong></span> <span class='ocrx_word' id='word_1_216' title='bbox 730 1896 898 1940; x_wconf 86' lang='lat' dir='ltr'><strong>artium</strong></span> <span class='ocrx_word' id='word_1_217' title='bbox 920 1885 1258 1958; x_wconf 66' lang='lat' dir='ltr'><strong>perfefflonem</strong></span> <span class='ocrx_word' id='word_1_218' title='bbox 1270 1929 1283 1949; x_wconf 86' lang='lat'><em>,</em></span> <span class='ocrx_word' id='word_1_219' title='bbox 1295 1886 1354 1935; x_wconf 90' lang='lat' dir='ltr'><strong>ad</strong></span> <span class='ocrx_word' id='word_1_220' title='bbox 1371 1883 1643 1934; x_wconf 86' lang='lat' dir='ltr'><strong>nobiliffimi</strong></span> <span class='ocrx_word' id='word_1_221' title='bbox 1663 1883 1810 1934; x_wconf 85' lang='lat' dir='ltr'><strong>sensus</strong></span> <span class='ocrx_word' id='word_1_222' title='bbox 1823 1927 1837 1947; x_wconf 85' lang='lat'>‚</span> <span class='ocrx_word' id='word_1_223' title='bbox 1855 1903 2026 1954; x_wconf 86' lang='lat' dir='ltr'><strong>nempe</strong></span> <span class='ocrx_word' id='word_1_224' title='bbox 2037 1882 2177 1948; x_wconf 86' lang='lat' dir='ltr'><strong>visus,</strong></span> <span class='ocrx_word' id='word_1_225' title='bbox 2190 1887 2270 1937; x_wconf 89' lang='lat' dir='ltr'><strong>ho-</strong></span> 
     </span>
     <span class='ocr_line' id='line_1_25' title="bbox 564 1953 1761 2025; baseline -0.008 -13"><span class='ocrx_word' id='word_1_226' title='bbox 564 1960 860 2012; x_wconf 85' lang='lat' dir='ltr'><strong>nestiffimam</strong></span> <span class='ocrx_word' id='word_1_227' title='bbox 870 1957 1241 2007; x_wconf 56' lang='lat' dir='ltr'><strong>obstestationem</strong></span> <span class='ocrx_word' id='word_1_228' title='bbox 1252 1956 1488 2006; x_wconf 90' lang='lat' dir='ltr'><strong>conducat</strong></span> <span class='ocrx_word' id='word_1_229' title='bbox 1497 1953 1761 2025; x_wconf 80' lang='lat' dir='ltr'><strong>agnoscere.</strong></span> 
     </span>
    </p>

    <p class='ocr_par' dir='ltr' id='par_1_4' title="bbox 563 2022 2285 3142">
     <span class='ocr_line' id='line_1_26' title="bbox 647 2022 2275 2098; baseline -0.005 -17"><span class='ocrx_word' id='word_1_230' title='bbox 647 2036 775 2082; x_wconf 89' lang='lat' dir='ltr'><strong>Hinc</strong></span> <span class='ocrx_word' id='word_1_231' title='bbox 794 2029 919 2098; x_wconf 89' lang='lat' dir='ltr'><strong>apud</strong></span> <span class='ocrx_word' id='word_1_232' title='bbox 936 2026 1141 2076; x_wconf 89' lang='lat' dir='ltr'><strong>Gellium</strong></span> <span class='ocrx_word' id='word_1_233' title='bbox 1160 2027 1327 2075; x_wconf 92' lang='lat' dir='ltr'><strong>dicitur</strong></span> <span class='ocrx_word' id='word_1_234' title='bbox 1343 2025 1462 2074; x_wconf 88' lang='lat' dir='ltr'><strong>vtilis</strong></span> <span class='ocrx_word' id='word_1_235' title='bbox 1480 2034 1524 2074; x_wconf 86' lang='lat'>&amp;</span> <span class='ocrx_word' id='word_1_236' title='bbox 1545 2022 1690 2072; x_wconf 85' lang='lat' dir='ltr'><strong>suauis</strong></span> <span class='ocrx_word' id='word_1_237' title='bbox 1710 2025 2019 2095; x_wconf 81' lang='lat' dir='ltr'><strong>praestigiatrix</strong></span> <span class='ocrx_word' id='word_1_238' title='bbox 2041 2023 2275 2074; x_wconf 89' lang='lat' dir='ltr'><strong>obiiciens</strong></span> 
     </span>
     <span class='ocr_line' id='line_1_27' title="bbox 563 2091 2277 2164; baseline -0.006 -12"><span class='ocrx_word' id='word_1_239' title='bbox 563 2107 706 2153; x_wconf 87' lang='lat' dir='ltr'><strong>varias</strong></span> <span class='ocrx_word' id='word_1_240' title='bbox 720 2099 911 2149; x_wconf 86' lang='lat' dir='ltr'><strong>technas</strong></span> <span class='ocrx_word' id='word_1_241' title='bbox 921 2093 1032 2146; x_wconf 76' lang='lat' dir='ltr'><strong>visui</strong></span> <span class='ocrx_word' id='word_1_242' title='bbox 1043 2096 1323 2164; x_wconf 87' lang='lat' dir='ltr'><strong>decipiendo</strong></span> <span class='ocrx_word' id='word_1_243' title='bbox 1335 2132 1347 2152; x_wconf 79' lang='lat'>,</span> <span class='ocrx_word' id='word_1_244' title='bbox 1359 2095 1489 2164; x_wconf 91' lang='lat' dir='ltr'><strong>quod</strong></span> <span class='ocrx_word' id='word_1_245' title='bbox 1500 2099 1548 2142; x_wconf 87' lang='lat' dir='ltr'><strong>in</strong></span> <span class='ocrx_word' id='word_1_246' title='bbox 1558 2093 1692 2142; x_wconf 91' lang='lat' dir='ltr'><strong>huius</strong></span> <span class='ocrx_word' id='word_1_247' title='bbox 1704 2098 1856 2162; x_wconf 87' lang='lat' dir='ltr'><strong>operis</strong></span> <span class='ocrx_word' id='word_1_248' title='bbox 1877 2091 2068 2144; x_wconf 91' lang='lat' dir='ltr'><strong>decursu</strong></span> <span class='ocrx_word' id='word_1_249' title='bbox 2086 2093 2277 2143; x_wconf 69' lang='lat' dir='ltr'><strong>abunde</strong></span> 
     </span>
     <span class='ocr_line' id='line_1_28' title="bbox 567 2161 2273 2235; baseline -0.006 -14"><span class='ocrx_word' id='word_1_250' title='bbox 567 2165 910 2229; x_wconf 76' lang='lat' dir='ltr'><strong>constabit3sed</strong></span> <span class='ocrx_word' id='word_1_251' title='bbox 923 2177 966 2217; x_wconf 89' lang='lat'>&amp;</span> <span class='ocrx_word' id='word_1_252' title='bbox 983 2165 1197 2215; x_wconf 65' lang='lat' dir='ltr'><strong>obiestos</strong></span> <span class='ocrx_word' id='word_1_253' title='bbox 1216 2164 1276 2214; x_wconf 86' lang='lat' dir='ltr'><strong>ab</strong></span> <span class='ocrx_word' id='word_1_254' title='bbox 1296 2165 1392 2213; x_wconf 83' lang='lat' dir='ltr'><strong>aliis</strong></span> <span class='ocrx_word' id='word_1_255' title='bbox 1414 2161 1547 2214; x_wconf 92' lang='lat' dir='ltr'><strong>dolos</strong></span> <span class='ocrx_word' id='word_1_256' title='bbox 1569 2161 1794 2212; x_wconf 87' lang='lat' dir='ltr'><strong>subtiliter</strong></span> <span class='ocrx_word' id='word_1_257' title='bbox 1810 2182 2046 2235; x_wconf 81' lang='lat' dir='ltr'><strong>retegens3</strong></span> <span class='ocrx_word' id='word_1_258' title='bbox 2061 2181 2163 2231; x_wconf 86' lang='lat' dir='ltr'><strong>quae</strong></span> <span class='ocrx_word' id='word_1_259' title='bbox 2182 2161 2273 2211; x_wconf 75' lang='lat' dir='ltr'><strong>sin-</strong></span> 
     </span>
     <span class='ocr_line' id='line_1_29' title="bbox 570 2230 2278 2311; baseline -0.006 -20"><span class='ocrx_word' id='word_1_260' title='bbox 570 2240 765 2311; x_wconf 79' lang='lat' dir='ltr'><strong>gillatim</strong></span> <span class='ocrx_word' id='word_1_261' title='bbox 776 2235 973 2308; x_wconf 87' lang='lat' dir='ltr'><strong>probare</strong></span> <span class='ocrx_word' id='word_1_262' title='bbox 983 2233 1375 2305; x_wconf 87' lang='lat' dir='ltr'><strong>superuacaneum</strong></span> <span class='ocrx_word' id='word_1_263' title='bbox 1387 2244 1431 2284; x_wconf 71' lang='grc' dir='ltr'><strong>δε</strong></span> <span class='ocrx_word' id='word_1_264' title='bbox 1440 2230 1641 2282; x_wconf 91' lang='lat' dir='ltr'><strong>otiosum</strong></span> <span class='ocrx_word' id='word_1_265' title='bbox 1653 2233 1739 2281; x_wconf 81' lang='lat' dir='ltr'><strong>effe</strong></span> <span class='ocrx_word' id='word_1_266' title='bbox 1750 2232 1982 2282; x_wconf 87' lang='lat' dir='ltr'><strong>videretur</strong></span> <span class='ocrx_word' id='word_1_267' title='bbox 1992 2275 2004 2294; x_wconf 89' lang='lat'>,</span> <span class='ocrx_word' id='word_1_268' title='bbox 2029 2250 2138 2282; x_wconf 93' lang='lat' dir='ltr'><strong>cum</strong></span> <span class='ocrx_word' id='word_1_269' title='bbox 2161 2230 2278 2281; x_wconf 88' lang='lat' dir='ltr'><strong>illud</strong></span> 
     </span>
     <span class='ocr_line' id='line_1_30' title="bbox 567 2298 2278 2371; baseline -0.008 -9"><span class='ocrx_word' id='word_1_270' title='bbox 567 2311 624 2362; x_wconf 86' lang='lat' dir='ltr'><strong>sit</strong></span> <span class='ocrx_word' id='word_1_271' title='bbox 642 2310 891 2360; x_wconf 90' lang='lat' dir='ltr'><strong>authorum</strong></span> <span class='ocrx_word' id='word_1_272' title='bbox 912 2311 1126 2355; x_wconf 89' lang='lat' dir='ltr'><strong>omnium</strong></span> <span class='ocrx_word' id='word_1_273' title='bbox 1142 2323 1352 2354; x_wconf 90' lang='lat' dir='ltr'><strong>veterum</strong></span> <span class='ocrx_word' id='word_1_274' title='bbox 1374 2315 1418 2354; x_wconf 86' lang='lat'>&amp;</span> <span class='ocrx_word' id='word_1_275' title='bbox 1445 2306 1757 2352; x_wconf 89' lang='lat' dir='ltr'><strong>recentiorum</strong></span> <span class='ocrx_word' id='word_1_276' title='bbox 1777 2307 1859 2371; x_wconf 89' lang='lat' dir='ltr'><strong>qui</strong></span> <span class='ocrx_word' id='word_1_277' title='bbox 1876 2303 1934 2351; x_wconf 90' lang='lat' dir='ltr'><strong>de</strong></span> <span class='ocrx_word' id='word_1_278' title='bbox 1961 2301 2038 2351; x_wconf 89' lang='lat' dir='ltr'><strong>illa</strong></span> <span class='ocrx_word' id='word_1_279' title='bbox 2065 2298 2278 2371; x_wconf 70' lang='lat' dir='ltr'><strong>scripsere</strong></span> 
     </span>
     <span class='ocr_line' id='line_1_31' title="bbox 569 2370 2275 2445; baseline -0.006 -14"><span class='ocrx_word' id='word_1_280' title='bbox 569 2382 805 2431; x_wconf 88' lang='lat' dir='ltr'><strong>iudicium.</strong></span> <span class='ocrx_word' id='word_1_281' title='bbox 853 2380 1158 2445; x_wconf 84' lang='lat' dir='ltr'><strong>Qamquam</strong></span> <span class='ocrx_word' id='word_1_282' title='bbox 1169 2372 1202 2422; x_wconf 84' lang='lat' dir='ltr'>fi</span> <span class='ocrx_word' id='word_1_283' title='bbox 1214 2375 1272 2424; x_wconf 88' lang='lat' dir='ltr'><strong>ad</strong></span> <span class='ocrx_word' id='word_1_284' title='bbox 1287 2394 1339 2423; x_wconf 91' lang='lat' dir='ltr'><strong>ea</strong></span> <span class='ocrx_word' id='word_1_285' title='bbox 1352 2393 1452 2444; x_wconf 82' lang='lat' dir='ltr'><strong>qua:</strong></span> <span class='ocrx_word' id='word_1_286' title='bbox 1464 2372 1677 2441; x_wconf 90' lang='lat' dir='ltr'><strong>quotidie</strong></span> <span class='ocrx_word' id='word_1_287' title='bbox 1694 2370 1831 2419; x_wconf 88' lang='lat' dir='ltr'><strong>nobis</strong></span> <span class='ocrx_word' id='word_1_288' title='bbox 1851 2378 1899 2420; x_wconf 92' lang='lat' dir='ltr'><strong>in</strong></span> <span class='ocrx_word' id='word_1_289' title='bbox 1921 2374 2084 2420; x_wconf 91' lang='lat' dir='ltr'><strong>oculos</strong></span> <span class='ocrx_word' id='word_1_290' title='bbox 2104 2376 2275 2420; x_wconf 89' lang='lat' dir='ltr'><strong>mentis</strong></span> 
     </span>
     <span class='ocr_line' id='line_1_32' title="bbox 570 2439 2281 2518; baseline -0.009 -16"><span class='ocrx_word' id='word_1_291' title='bbox 570 2462 616 2502; x_wconf 87' lang='lat'>&amp;</span> <span class='ocrx_word' id='word_1_292' title='bbox 633 2452 838 2518; x_wconf 89' lang='lat' dir='ltr'><strong>corporis</strong></span> <span class='ocrx_word' id='word_1_293' title='bbox 859 2451 1099 2496; x_wconf 88' lang='lat' dir='ltr'><strong>incurrunt</strong></span> <span class='ocrx_word' id='word_1_294' title='bbox 1116 2449 1325 2494; x_wconf 89' lang='lat' dir='ltr'><strong>animum</strong></span> <span class='ocrx_word' id='word_1_295' title='bbox 1343 2442 1579 2493; x_wconf 61' lang='lat' dir='ltr'><strong>reficerere</strong></span> <span class='ocrx_word' id='word_1_296' title='bbox 1598 2439 1814 2497; x_wconf 89' lang='lat' dir='ltr'><strong>velimus,</strong></span> <span class='ocrx_word' id='word_1_297' title='bbox 1829 2440 1974 2510; x_wconf 69' lang='lat' dir='ltr'><strong>longe</strong></span> <span class='ocrx_word' id='word_1_298' title='bbox 1996 2440 2184 2508; x_wconf 80' lang='lat' dir='ltr'><strong>late&#39;que</strong></span> <span class='ocrx_word' id='word_1_299' title='bbox 2195 2459 2281 2508; x_wconf 89' lang='lat' dir='ltr'><strong>pa-</strong></span> 
     </span>
     <span class='ocr_line' id='line_1_33' title="bbox 572 2507 2282 2584; baseline -0.008 -14"><span class='ocrx_word' id='word_1_300' title='bbox 572 2524 713 2570; x_wconf 89' lang='lat' dir='ltr'><strong>tentis</strong></span> <span class='ocrx_word' id='word_1_301' title='bbox 725 2518 843 2566; x_wconf 85' lang='lat' dir='ltr'><strong>illius</strong></span> <span class='ocrx_word' id='word_1_302' title='bbox 855 2520 1036 2584; x_wconf 89' lang='lat' dir='ltr'><strong>imperii</strong></span> <span class='ocrx_word' id='word_1_303' title='bbox 1046 2511 1185 2563; x_wconf 87' lang='lat' dir='ltr'><strong>fasces</strong></span> <span class='ocrx_word' id='word_1_304' title='bbox 1198 2512 1444 2564; x_wconf 88' lang='lat' dir='ltr'><strong>&amp;illustres</strong></span> <span class='ocrx_word' id='word_1_305' title='bbox 1461 2510 1748 2560; x_wconf 70' lang='lat' dir='ltr'><strong>charatsteres</strong></span> <span class='ocrx_word' id='word_1_306' title='bbox 1767 2509 1936 2559; x_wconf 88' lang='lat' dir='ltr'><strong>nullibi</strong></span> <span class='ocrx_word' id='word_1_307' title='bbox 1953 2529 2052 2559; x_wconf 92' lang='lat' dir='ltr'><strong>non</strong></span> <span class='ocrx_word' id='word_1_308' title='bbox 2071 2507 2282 2578; x_wconf 84' lang='lat' dir='ltr'><strong>agnosci-</strong></span> 
     </span>
     <span class='ocr_line' id='line_1_34' title="bbox 572 2579 2280 2653; baseline -0.007 -14"><span class='ocrx_word' id='word_1_309' title='bbox 572 2609 689 2639; x_wconf 89' lang='lat' dir='ltr'><strong>mus.</strong></span> <span class='ocrx_word' id='word_1_310' title='bbox 702 2593 880 2637; x_wconf 89' lang='lat' dir='ltr'><strong>Nonne</strong></span> <span class='ocrx_word' id='word_1_311' title='bbox 900 2588 1168 2633; x_wconf 86' lang='lat' dir='ltr'><strong>Geometria</strong></span> <span class='ocrx_word' id='word_1_312' title='bbox 1189 2579 2137 2653; x_wconf 64' lang='lat' dir='ltr'><strong>pra&amp;icaDioptraS‚Radios,Triquetra,</strong></span> <span class='ocrx_word' id='word_1_313' title='bbox 2151 2582 2280 2644; x_wconf 79' lang='lat' dir='ltr'><strong>Qa-</strong></span> 
     </span>
     <span class='ocr_line' id='line_1_35' title="bbox 576 2646 2284 2719; baseline -0.006 -11"><span class='ocrx_word' id='word_1_314' title='bbox 576 2660 704 2708; x_wconf 86' lang='lat' dir='ltr'><strong>drata</strong></span> <span class='ocrx_word' id='word_1_315' title='bbox 715 2654 843 2706; x_wconf 87' lang='lat' dir='ltr'><strong>sua&amp;</strong></span> <span class='ocrx_word' id='word_1_316' title='bbox 862 2655 950 2705; x_wconf 85' lang='lat' dir='ltr'><strong>alia</strong></span> <span class='ocrx_word' id='word_1_317' title='bbox 966 2654 1270 2703; x_wconf 88' lang='lat' dir='ltr'><strong>instrumenta</strong></span> <span class='ocrx_word' id='word_1_318' title='bbox 1290 2650 1586 2701; x_wconf 81' lang='lat' dir='ltr'><strong>dimetiendis</strong></span> <span class='ocrx_word' id='word_1_319' title='bbox 1609 2648 2015 2719; x_wconf 82' lang='lat' dir='ltr'><strong>magnitudinibus</strong></span> <span class='ocrx_word' id='word_1_320' title='bbox 2036 2649 2206 2697; x_wconf 88' lang='lat' dir='ltr'><strong>idonea</strong></span> <span class='ocrx_word' id='word_1_321' title='bbox 2224 2646 2284 2697; x_wconf 85' lang='lat' dir='ltr'><strong>ab</strong></span> 
     </span>
     <span class='ocr_line' id='line_1_36' title="bbox 574 2716 2282 2798; baseline -0.006 -21"><span class='ocrx_word' id='word_1_322' title='bbox 574 2727 667 2798; x_wconf 88' lang='lat' dir='ltr'><strong>ipsa</strong></span> <span class='ocrx_word' id='word_1_323' title='bbox 679 2724 904 2776; x_wconf 77' lang='lat' dir='ltr'><strong>desumit?</strong></span> <span class='ocrx_word' id='word_1_324' title='bbox 910 2729 1087 2774; x_wconf 90' lang='lat' dir='ltr'><strong>Nonne</strong></span> <span class='ocrx_word' id='word_1_325' title='bbox 1107 2720 1310 2791; x_wconf 87' lang='lat' dir='ltr'><strong>&amp;ipsam</strong></span> <span class='ocrx_word' id='word_1_326' title='bbox 1328 2723 1627 2771; x_wconf 86' lang='lat' dir='ltr'><strong>Astronomia</strong></span> <span class='ocrx_word' id='word_1_327' title='bbox 1644 2723 1692 2766; x_wconf 92' lang='lat' dir='ltr'><strong>in</strong></span> <span class='ocrx_word' id='word_1_328' title='bbox 1714 2716 1965 2768; x_wconf 81' lang='lat' dir='ltr'><strong>subsidium</strong></span> <span class='ocrx_word' id='word_1_329' title='bbox 1981 2736 2139 2779; x_wconf 83' lang='lat' dir='ltr'><strong>vocat,</strong></span> <span class='ocrx_word' id='word_1_330' title='bbox 2160 2736 2209 2767; x_wconf 91' lang='lat' dir='ltr'><strong>vt</strong></span> <span class='ocrx_word' id='word_1_331' title='bbox 2228 2737 2282 2766; x_wconf 78' lang='lat' dir='ltr'><strong>cx</strong></span> 
     </span>
     <span class='ocr_line' id='line_1_37' title="bbox 574 2786 2282 2865; baseline -0.009 -19"><span class='ocrx_word' id='word_1_332' title='bbox 574 2802 683 2847; x_wconf 83' lang='lat' dir='ltr'><strong>artis</strong></span> <span class='ocrx_word' id='word_1_333' title='bbox 703 2794 960 2865; x_wconf 67' lang='lat' dir='ltr'><strong>praescripto</strong></span> <span class='ocrx_word' id='word_1_334' title='bbox 977 2798 1119 2842; x_wconf 88' lang='lat' dir='ltr'><strong>varias</strong></span> <span class='ocrx_word' id='word_1_335' title='bbox 1139 2790 1278 2862; x_wconf 81' lang='lat' dir='ltr'><strong>possit</strong></span> <span class='ocrx_word' id='word_1_336' title='bbox 1295 2786 2121 2856; x_wconf 70' lang='lat' dir='ltr'><strong>Astrolabimum,Planisphaeriorum</strong></span> <span class='ocrx_word' id='word_1_337' title='bbox 2144 2792 2282 2856; x_wconf 84' lang='lat' dir='ltr'><strong>parti-</strong></span> 
     </span>
     <span class='ocr_line' id='line_1_38' title="bbox 577 2856 2285 2930; baseline -0.007 -14"><span class='ocrx_word' id='word_1_338' title='bbox 577 2867 800 2917; x_wconf 90' lang='lat' dir='ltr'><strong>cularium</strong></span> <span class='ocrx_word' id='word_1_339' title='bbox 813 2877 856 2915; x_wconf 68' lang='grc' dir='ltr'><strong>δε</strong></span> <span class='ocrx_word' id='word_1_340' title='bbox 867 2860 1188 2913; x_wconf 88' lang='lat' dir='ltr'><strong>vniuersalium</strong></span> <span class='ocrx_word' id='word_1_341' title='bbox 1198 2863 1510 2930; x_wconf 65' lang='lat' dir='ltr'><strong>proiecffiones</strong></span> <span class='ocrx_word' id='word_1_342' title='bbox 1522 2859 1740 2907; x_wconf 87' lang='lat' dir='ltr'><strong>instruere</strong></span> <span class='ocrx_word' id='word_1_343' title='bbox 1751 2898 1763 2918; x_wconf 87' lang='lat'>,</span> <span class='ocrx_word' id='word_1_344' title='bbox 1776 2856 1946 2926; x_wconf 86' lang='lat' dir='ltr'><strong>quibus</strong></span> <span class='ocrx_word' id='word_1_345' title='bbox 1966 2861 2105 2906; x_wconf 90' lang='lat' dir='ltr'><strong>etiam</strong></span> <span class='ocrx_word' id='word_1_346' title='bbox 2128 2858 2285 2925; x_wconf 87' lang='lat' dir='ltr'><strong>postea</strong></span> 
     </span>
     <span class='ocr_line' id='line_1_39' title="bbox 580 2924 2284 3004; baseline -0.007 -19"><span class='ocrx_word' id='word_1_347' title='bbox 580 2934 794 2986; x_wconf 85' lang='lat' dir='ltr'><strong>adhibito</strong></span> <span class='ocrx_word' id='word_1_348' title='bbox 805 2954 884 3004; x_wconf 87' lang='lat' dir='ltr'><strong>per</strong></span> <span class='ocrx_word' id='word_1_349' title='bbox 893 2934 970 2982; x_wconf 90' lang='lat' dir='ltr'><strong>dio</strong></span> <span class='ocrx_word' id='word_1_350' title='bbox 975 2952 1095 3002; x_wconf 87' lang='lat' dir='ltr'><strong>ptras</strong></span> <span class='ocrx_word' id='word_1_351' title='bbox 1106 2930 1396 2980; x_wconf 89' lang='lat' dir='ltr'><strong>visualiradio</strong></span> <span class='ocrx_word' id='word_1_352' title='bbox 1407 2972 1418 2991; x_wconf 87' lang='lat'>‚</span> <span class='ocrx_word' id='word_1_353' title='bbox 1432 2928 1662 2978; x_wconf 89' lang='lat' dir='ltr'><strong>stellarum</strong></span> <span class='ocrx_word' id='word_1_354' title='bbox 1673 2926 1938 2976; x_wconf 88' lang='lat' dir='ltr'><strong>altitudines</strong></span> <span class='ocrx_word' id='word_1_355' title='bbox 1949 2968 1962 2987; x_wconf 88' lang='lat'>‚</span> <span class='ocrx_word' id='word_1_356' title='bbox 1974 2924 2284 2995; x_wconf 89' lang='lat' dir='ltr'><strong>syderumque</strong></span> 
     </span>
     <span class='ocr_line' id='line_1_40' title="bbox 582 2993 2283 3069; baseline -0.007 -15"><span class='ocrx_word' id='word_1_357' title='bbox 582 3009 832 3055; x_wconf 89' lang='lat' dir='ltr'><strong>errantium</strong></span> <span class='ocrx_word' id='word_1_358' title='bbox 843 3005 1058 3052; x_wconf 86' lang='lat' dir='ltr'><strong>stationes</strong></span> <span class='ocrx_word' id='word_1_359' title='bbox 1069 3043 1081 3063; x_wconf 83' lang='lat'>,</span> <span class='ocrx_word' id='word_1_360' title='bbox 1090 3019 1245 3050; x_wconf 91' lang='lat' dir='ltr'><strong>motus</strong></span> <span class='ocrx_word' id='word_1_361' title='bbox 1257 3042 1269 3062; x_wconf 86' lang='lat'>,</span> <span class='ocrx_word' id='word_1_362' title='bbox 1282 2996 1729 3069; x_wconf 80' lang='lat' dir='ltr'><strong>parallaxes,aliaque</strong></span> <span class='ocrx_word' id='word_1_363' title='bbox 1741 3001 1985 3045; x_wconf 89' lang='lat' dir='ltr'><strong>innumera</strong></span> <span class='ocrx_word' id='word_1_364' title='bbox 1998 2997 2132 3044; x_wconf 89' lang='lat' dir='ltr'><strong>huius</strong></span> <span class='ocrx_word' id='word_1_365' title='bbox 2145 2993 2283 3044; x_wconf 89' lang='lat' dir='ltr'><strong>scien-</strong></span> 
     </span>
     <span class='ocr_line' id='line_1_41' title="bbox 584 3071 1294 3142; baseline -0.01 -18"><span class='ocrx_word' id='word_1_366' title='bbox 584 3081 653 3124; x_wconf 82' lang='lat' dir='ltr'><strong>tiae</strong></span> <span class='ocrx_word' id='word_1_367' title='bbox 673 3073 978 3142; x_wconf 63' lang='lat' dir='ltr'><strong>phaenomena</strong></span> <span class='ocrx_word' id='word_1_368' title='bbox 995 3071 1294 3120; x_wconf 74' lang='lat' dir='ltr'><strong>riteaestimet?</strong></span> 
     </span>
    </p>

    <p class='ocr_par' dir='ltr' id='par_1_5' title="bbox 583 3130 2286 3417">
     <span class='ocr_line' id='line_1_42' title="bbox 655 3130 2282 3207; baseline -0.006 -16"><span class='ocrx_word' id='word_1_369' title='bbox 655 3144 785 3205; x_wconf 86' lang='lat' dir='ltr'><strong>Quid</strong></span> <span class='ocrx_word' id='word_1_370' title='bbox 795 3141 1010 3191; x_wconf 86' lang='lat' dir='ltr'><strong>naturalis</strong></span> <span class='ocrx_word' id='word_1_371' title='bbox 1020 3138 1317 3207; x_wconf 84' lang='lat' dir='ltr'><strong>Philosophia</strong></span> <span class='ocrx_word' id='word_1_372' title='bbox 1327 3142 1345 3184; x_wconf 65' lang='grc' dir='ltr'><strong>ε’</strong></span> <span class='ocrx_word' id='word_1_373' title='bbox 1353 3156 1512 3186; x_wconf 89' lang='lat' dir='ltr'><strong>nonne</strong></span> <span class='ocrx_word' id='word_1_374' title='bbox 1521 3141 1626 3186; x_wconf 88' lang='lat' dir='ltr'><strong>vtin</strong></span> <span class='ocrx_word' id='word_1_375' title='bbox 1646 3139 1971 3203; x_wconf 84' lang='lat' dir='ltr'><strong>experimentis</strong></span> <span class='ocrx_word' id='word_1_376' title='bbox 1990 3131 2074 3183; x_wconf 89' lang='lat' dir='ltr'><strong>suis</strong></span> <span class='ocrx_word' id='word_1_377' title='bbox 2084 3130 2282 3183; x_wconf 84' lang='lat' dir='ltr'><strong>versetur</strong></span> 
     </span>
     <span class='ocr_line' id='line_1_43' title="bbox 583 3203 2286 3280; baseline -0.006 -18"><span class='ocrx_word' id='word_1_378' title='bbox 583 3211 780 3262; x_wconf 90' lang='lat' dir='ltr'><strong>securius</strong></span> <span class='ocrx_word' id='word_1_379' title='bbox 793 3216 1000 3280; x_wconf 84' lang='lat' dir='ltr'><strong>,Opticae</strong></span> <span class='ocrx_word' id='word_1_380' title='bbox 1021 3209 1213 3258; x_wconf 60' lang='lat' dir='ltr'><strong>duerum</strong></span> <span class='ocrx_word' id='word_1_381' title='bbox 1231 3213 1278 3256; x_wconf 89' lang='lat' dir='ltr'><strong>in</strong></span> <span class='ocrx_word' id='word_1_382' title='bbox 1299 3206 1518 3257; x_wconf 88' lang='lat' dir='ltr'><strong>omnibus</strong></span> <span class='ocrx_word' id='word_1_383' title='bbox 1535 3208 1757 3276; x_wconf 81' lang='lat' dir='ltr'><strong>requirit?</strong></span> <span class='ocrx_word' id='word_1_384' title='bbox 1765 3204 1894 3270; x_wconf 81' lang='lat' dir='ltr'><strong>Qd</strong></span> <span class='ocrx_word' id='word_1_385' title='bbox 1903 3203 2286 3254; x_wconf 69' lang='lat' dir='ltr'><strong>Architecstonica</strong></span> 
     </span>
     <span class='ocr_line' id='line_1_44' title="bbox 585 3272 2285 3351; baseline -0.007 -20"><span class='ocrx_word' id='word_1_386' title='bbox 585 3282 738 3331; x_wconf 88' lang='lat' dir='ltr'><strong>arsilla</strong></span> <span class='ocrx_word' id='word_1_387' title='bbox 747 3279 935 3351; x_wconf 83' lang='lat' dir='ltr'><strong>insignis</strong></span> <span class='ocrx_word' id='word_1_388' title='bbox 947 3279 1005 3328; x_wconf 87' lang='lat' dir='ltr'><strong>ad</strong></span> <span class='ocrx_word' id='word_1_389' title='bbox 1016 3284 1292 3348; x_wconf 83' lang='lat' dir='ltr'><strong>praecipuam</strong></span> <span class='ocrx_word' id='word_1_390' title='bbox 1304 3277 1495 3327; x_wconf 77' lang='lat' dir='ltr'><strong>humani</strong></span> <span class='ocrx_word' id='word_1_391' title='bbox 1505 3280 1686 3347; x_wconf 83' lang='lat' dir='ltr'><strong>generis</strong></span> <span class='ocrx_word' id='word_1_392' title='bbox 1697 3273 1942 3322; x_wconf 84' lang='lat' dir='ltr'><strong>Vtilitatem</strong></span> <span class='ocrx_word' id='word_1_393' title='bbox 1951 3314 1964 3334; x_wconf 91' lang='lat'>‚</span> <span class='ocrx_word' id='word_1_394' title='bbox 1977 3272 2285 3321; x_wconf 87' lang='lat' dir='ltr'><strong>commodum</strong></span> 
     </span>
     <span class='ocr_line' id='line_1_45' title="bbox 587 3339 2286 3417; baseline -0.008 -14"><span class='ocrx_word' id='word_1_395' title='bbox 587 3362 633 3403; x_wconf 86' lang='lat'>&amp;</span> <span class='ocrx_word' id='word_1_396' title='bbox 644 3350 1004 3401; x_wconf 50' lang='lat' dir='ltr'><strong>delectationem</strong></span> <span class='ocrx_word' id='word_1_397' title='bbox 1016 3354 1228 3417; x_wconf 73' lang='lat' dir='ltr'><strong>inuenta?</strong></span> <span class='ocrx_word' id='word_1_398' title='bbox 1240 3347 1457 3416; x_wconf 88' lang='lat' dir='ltr'><strong>nunquid</strong></span> <span class='ocrx_word' id='word_1_399' title='bbox 1469 3366 1522 3396; x_wconf 87' lang='lat' dir='ltr'><strong>ex</strong></span> <span class='ocrx_word' id='word_1_400' title='bbox 1532 3352 1576 3396; x_wconf 90' lang='lat' dir='ltr'>O</span> <span class='ocrx_word' id='word_1_401' title='bbox 1584 3350 1715 3415; x_wconf 88' lang='lat' dir='ltr'><strong>pticae</strong></span> <span class='ocrx_word' id='word_1_402' title='bbox 1734 3347 1969 3413; x_wconf 86' lang='lat' dir='ltr'><strong>principiis</strong></span> <span class='ocrx_word' id='word_1_403' title='bbox 1985 3339 2286 3391; x_wconf 68' lang='lat' dir='ltr'><strong>aedificiorum</strong></span> 
     </span>
    </p>
   </div>
  </div>
 </body>
</html>
