2498 3898
619 263 699 304 144
931 203 1592 284 THAVMATVRci
1664 232 1969 283 oPT1c1

701 313 835 359 Sinus
857 307 921 355 est
938 311 1059 354 recta
1077 303 1328 353 secundum
1346 301 1386 352 se
1403 321 1549 351 totam
1567 309 1685 352 intra
1704 301 1946 360 circulum,
1972 298 2103 346 huius
2125 311 2283 343 autem

614 382 815 446 cuipiam
843 380 986 435 arcui,
1012 372 1260 422 secundum
1290 377 1475 421 vnicum
1500 369 1562 418 sui
1586 389 1838 420 extremum
1861 368 2116 438 applicata,
2137 373 2180 412 ὃς
2200 363 2282 409 du-

612 447 714 515 plex
735 446 941 494 statuitur
960 483 972 502 ,
998 460 1166 510 nempe
1186 446 1332 491 redtus
1359 446 1439 510 qui
1467 439 1524 488 ab
1551 440 1819 489 authoribus
1843 439 2006 486 dicitur
2031 433 2150 483 sinus
2179 431 2291 481 sim-·

614 514 792 583 pliciter
810 523 852 560 δε
871 509 966 558 fine
989 511 1168 564 addito,
1187 530 1376 559 vocatur
1395 527 1548 557 tamen
1563 508 1587 556 ἒι
1611 509 1845 557 nonnullis
1863 504 1981 554 sinus
2002 508 2147 551 rezi-us
2178 511 2220 549 &
2238 497 2286 546 si-

615 603 699 632 nus
721 587 888 648 primus
914 607 925 640 3
944 579 1057 627 alter
1074 598 1182 627 vero
1200 580 1263 627 est
1284 577 1403 627 finus
1420 575 1566 626 versus
1586 583 1665 647 qui
1687 583 1825 627 etiam
1846 572 1965 623 smus
1985 568 2213 639 :secundus
2242 579 2286 617 &

615 650 818 720 prosinus
838 666 1139 716 nuncupatur.

682 725 813 770 Sinus
837 722 983 766 rectus
1000 716 1186 765 alicuius
1207 736 1333 765 arcus
1361 717 1425 764 est
1451 714 1514 764 se-

615 788 756 838 missis
771 785 985 835 subtensae
1003 785 1144 854 duplo
1163 783 1297 853 ipsius
1311 804 1436 833 arcus
1448 805 1518 845 ‚vt

619 863 667 906 in
685 854 888 925 exposito
905 853 1132 904 schemate
1151 853 1270 903 sinus
1296 858 1441 902 rectus
1458 873 1519 903 ar-

617 946 697 976 cus
716 933 759 976 D
773 930 834 987 G,
854 926 918 973 est
937 930 1058 973 reela
1078 928 1116 971 G
1129 930 1156 972 F
1169 966 1180 985 ,
1193 921 1372 971 semissis
1390 927 1518 972 redtae

621 999 662 1044 G
682 1002 716 1045 E
733 1037 745 1057 ,
771 1014 870 1064 quae
893 991 1180 1041 subtenditur
1209 997 1331 1041 arcui
1361 997 1397 1039 E
1417 997 1458 1040 D
1478 997 1518 1041 G

621 1065 764 1133 duplo
789 1082 916 1111 arcus
934 1068 979 1111 D
995 1065 1046 1109 G.
1067 1062 1142 1109 Est
1157 1080 1264 1109 vero
1285 1061 1449 1129 duplex
1467 1059 1521 1110 fi-

622 1151 708 1182 nus
723 1136 1067 1199 redtusmempe
1082 1127 1202 1179 sinus
1223 1148 1348 1178 totus
1365 1134 1445 1199 qui
1458 1132 1522 1179 est
1546 1126 1550 1131 ¹

622 1200 810 1270 ipsamet
845 1200 1001 1248 circuli
1035 1196 1365 1248 semidiameter
1389 1210 1433 1248 δε
1455 1220 1522 1249 ra-

625 1272 725 1319 dius
750 1274 888 1318 etiam
911 1267 1163 1337 appellatur
1178 1286 1317 1337 atque
1334 1263 1523 1317 refertur

623 1340 683 1387 ad
702 1338 1195 1406 circuliquadrantem‚
1213 1355 1261 1384 vt
1279 1334 1400 1384 finus
1421 1342 1519 1398 AB,

626 1409 685 1456 ad
696 1408 1047 1476 quadrantemA
1058 1410 1100 1453 D
1113 1433 1124 1465 -‚
1139 1405 1323 1454 Deinde
1333 1405 1397 1453 est
1406 1403 1524 1455 sinus

627 1482 775 1525 reolus
792 1494 893 1524 toto
921 1479 1073 1522 minor
1093 1479 1174 1543 qui
1191 1470 1382 1522 refertur
1395 1475 1453 1524 ad
1467 1495 1528 1524 ar-
1884 1474 1930 1507 K

629 1565 736 1596 cum
757 1543 1009 1615 quadrante
1025 1548 1275 1606 minorem,
1292 1563 1340 1594 vt
1358 1540 1476 1594 sinus
1497 1550 1564 1597 GI
1577 1549 1656 1609 ,ad
1675 1567 1831 1596 arcum
1853 1551 1892 1595 G
1905 1554 1946 1597 C
1964 1573 1974 1605 ·‚
1994 1547 2115 1596 vnde
2130 1550 2301 1613 radius,

628 1613 963 1664 semidiameter
996 1612 1155 1662 circuli
1180 1624 1223 1664 δε
1253 1611 1371 1663 sinus
1398 1633 1520 1663 totus
1547 1635 1688 1665 vnum
1725 1627 1769 1665 δε
1792 1617 1916 1664 idem
1935 1615 2062 1664 sunt:
2085 1617 2301 1669 definitur

629 1691 771 1734 etiam
789 1680 814 1732 a
831 1681 1064 1732 nonnullis
1089 1681 1209 1732 finus
1238 1688 1384 1743 retibus
1414 1683 1533 1733 linea
1553 1684 1937 1754 perpendicularis
1955 1685 2119 1735 cadens
2139 1686 2197 1735 ab
2216 1709 2304 1738 vna

633 1758 916 1802 extremitate
947 1771 1074 1801 arcus
1098 1753 1190 1801 dati
1214 1757 1262 1800 in
1288 1753 1560 1802 diametrum
1581 1755 1765 1803 ducitam
1786 1773 1865 1822 per
1880 1753 2067 1802 alteram
2091 1763 2303 1806 extremi-

636 1841 802 1884 tatem,
819 1832 863 1871 &
877 1819 937 1871 sic
959 1826 1048 1881 GI,
1072 1827 1155 1870 erit
1176 1819 1297 1870 sinus
1322 1827 1468 1872 rectus
1492 1841 1586 1872 tam
1611 1842 1738 1871 arcus
1756 1827 1796 1871 G
1809 1829 1869 1885 C,
1888 1841 2029 1892 quam
2044 1842 2170 1873 arcus
2191 1830 2231 1875 A
2247 1831 2300 1874 G.

703 1896 833 1940 Sinus
851 1888 997 1938 versus
1014 1889 1199 1939 alicuius
1217 1909 1344 1939 arcus
1365 1892 1430 1939 est
1444 1911 1542 1960 pars
1567 1893 1775 1941 diametri
1797 1897 1915 1941 inter
1941 1889 2197 1942 subtensam
2225 1896 2310 1943 du-'

636 1961 716 2031 plo
735 1957 869 2027 ipsius
887 1978 1013 2008 arcus
1031 1969 1076 2008 δε
1094 1959 1217 2009 hunc
1237 1961 1454 2008 eumdem
1469 1979 1636 2010 arcum·
1651 1958 2002 2029 comprehensa,
2020 1960 2093 2010 vel
2121 1963 2184 2011 est
2211 1961 2308 2033 seg-

636 2041 847 2079 mentum
866 2029 1074 2076 diametri
1099 2033 1217 2077 inter
1233 2026 1382 2077 finum
1409 2034 1585 2079 recstum
1605 2040 1649 2080 ὃς
1672 2030 1860 2078 alteram
1889 2036 2221 2080 extremitatem
2247 2052 2309 2080 ar-

636 2119 717 2148 cus
735 2103 1069 2166 interceptum,
1090 2095 1210 2145 finus
1229 2116 1341 2167 ergo
1362 2095 1507 2148 versus
1526 2118 1653 2148 arcus
1679 2103 1719 2146 G
1732 2104 1776 2147 D
1790 2139 1801 2159 ,
1821 2099 1885 2147 est
1913 2099 2033 2147 linea
2058 2106 2142 2148 FD
2161 2141 2175 2161 ,
2201 2105 2310 2169 quia

639 2169 705 2217 est
725 2181 823 2236 pars
843 2167 1052 2221 diametri
1077 2171 1119 2215 K
1131 2172 1174 2215 D
1189 2208 1202 2227 ,
1221 2172 1475 2235 intercepta
1495 2173 1621 2216 inter·
1632 2187 1787 2216 arcum
1803 2173 1838 2216 E
1850 2174 1894 2220 D
1908 2173 1948 2216 G
1966 2167 2159 2238 duplum
2179 2188 2308 2219 arcus

640 2241 759 2296 GD,
785 2246 830 2286 δε
848 2241 941 2285 eius
964 2232 1220 2283 subtensam
1239 2239 1337 2284 EG.
2159 2231 2165 2241 ⁴

712 2310 932 2374 Tangens
953 2303 1141 2353 alicuius
1161 2325 1289 2354 arcus
1307 2307 1371 2354 est
1389 2305 1550 2356 restaa
1570 2304 1791 2356 concursu
1804 2306 1939 2376 ipsius
1961 2327 2087 2357 arcus
2100 2305 2309 2375 ,eiusque

643 2372 764 2422 finus
779 2371 891 2421 versi
903 2415 914 2434 ,
936 2373 994 2422 ad
1013 2372 1136 2423 hunc
1153 2372 1301 2422 sinum
1319 2375 1753 2444 perpendiculariter
1781 2383 1954 2438 erefta,
1970 2396 2213 2426 occurrens
2241 2395 2311 2424 re-

644 2448 723 2491 &ae
739 2441 765 2490 a
780 2443 937 2491 circuli
955 2460 1114 2491 centro
1136 2462 1215 2511 per
1232 2443 1354 2491 aliud
1373 2463 1625 2492 extremum
1643 2442 1844 2493 eiusdem
1860 2464 1986 2494 arcus
2005 2446 2311 2513 produstae,vt

644 2516 691 2558 in
713 2511 879 2559 eodem
900 2513 1228 2579 diagrammate
1250 2516 1370 2560 recia
1386 2519 1504 2572 CH,
1525 2530 1624 2580 quae
1648 2531 1699 2559 ex
1725 2519 1900 2581 puncto
1920 2520 1982 2575 C,
2009 2514 2310 2582 perpendicu-

648 2579 747 2628 laris
774 2580 838 2626 est
861 2582 919 2629 ad
933 2585 968 2628 L
982 2586 1021 2628 C
1049 2577 1195 2628 sinum
1215 2579 1390 2629 versum
1409 2600 1537 2629 arcus
1556 2586 1669 2641 GC,
1689 2590 1732 2629 &
1748 2587 1945 2631 occurrit
1974 2586 2103 2630 reclae
2122 2589 2234 2642 BH,
2259 2601 2312 2630 ex

645 2667 806 2697 centro
834 2655 892 2709 B,
917 2667 995 2718 per
1012 2653 1051 2696 G
1073 2648 1324 2716 produtstae,
1350 2650 1514 2698 dicitur
1543 2667 1735 2719 tangens
1753 2649 1888 2718 ipsius
1916 2670 2041 2700 arcus
2068 2656 2185 2712 CG,
2205 2655 2315 2719 quia

649 2714 817 2766 scilicet
833 2723 979 2788 tangit
998 2715 1143 2785 ipsum
1161 2736 1317 2765 arcum
1337 2723 1382 2765 in
1395 2724 1615 2779 C10mni5
1627 2737 1734 2766 vero
1758 2737 1951 2790 tangens
1972 2738 2069 2769 tota
2088 2738 2210 2768 extra
2227 2724 2313 2768 cir-

648 2785 805 2834 culum
823 2792 975 2858 iace&

721 2862 884 2906 Secans
902 2856 1088 2904 alicuius
1107 2875 1233 2905 arcus
1254 2859 1318 2906 est
1334 2862 1454 2907 reita
1471 2856 1495 2906 a
1515 2876 1674 2906 centro
1702 2873 1781 2925 per
1804 2857 1998 2906 alterum
2022 2856 2156 2926 ipsius
2186 2879 2314 2909 arcus

650 2941 903 2972 extremum
921 2926 1142 2993 producta
1168 2944 1410 2976 occurrens
1440 2925 1639 2975 eiusdem
1665 2930 1792 2975 arcus
1820 2932 2050 2996 tangenti,
2066 2945 2114 2975 vt
2140 2927 2316 2977 ibidem

652 2998 767 3053 BH,
787 2993 851 3041 est
869 2991 1018 3058 secans
1042 3013 1168 3042 arcus
1188 2999 1301 3056 CG,
1322 3001 1429 3064 quia
1449 2994 1648 3044 acentro
1666 3001 1722 3054 B,
1744 3013 1823 3061 per
1849 3013 2103 3044 extremum
2127 3001 2190 3058 G,
2209 3016 2315 3065 pro-

653 3061 790 3109 dueta
816 3067 1011 3110 occurrit
1042 3060 1241 3110 eiusdem
1265 3082 1391 3112 arcus
1427 3068 1634 3132 tangenti
1659 3068 1783 3113 CH:
1806 3068 1954 3112 omnis
1978 3082 2133 3113 autem
2164 3063 2315 3113 secans

654 3134 818 3197 partim
835 3136 970 3192 intra,
991 3136 1155 3199 partim
1174 3149 1295 3179 extra
1312 3133 1533 3180 circulum
1552 3133 1822 3200 applicatur,
1844 3134 2044 3202 ideoque
2058 3134 2185 3182 radio
2202 3131 2315 3181 sem-

656 3216 735 3265 per
754 3200 818 3247 est
836 3204 980 3247 maior
997 3196 1071 3247 sed
1091 3199 1146 3246 de
1165 3199 1516 3267 complementis
1536 3220 1725 3249 arcuum
1738 3200 1852 3248 nihil
1871 3201 2076 3250 diximus.

726 3267 1135 3336 Complementum
1157 3273 1295 3337 igitur
1310 3268 1494 3318 alicuius
1513 3289 1641 3318 arcus
1661 3268 2021 3337 simpliciter,est
2038 3268 2172 3338 ipsius
2192 3289 2321 3320 arcus

660 3329 682 3403 a
709 3336 959 3401 quadrante
986 3337 1239 3387 differentia
1259 3365 1270 3397 3
1290 3337 1407 3387 illius
1431 3357 1538 3387 vero
1561 3338 1958 3407 complementum
1984 3340 2042 3388 ad
2065 3336 2321 3389 semicircu-

2209 3407 2320 3472 lum,

2392 314 2410 333 Δ
