2498 3898
176 294 177 297 *
631 237 1390 286 LIBERSECVNDVS.
1782 255 1848 302 1⁴75

170 315 343 379 'puncto
360 308 489 378 quod
505 308 570 356 est
590 310 728 355 etiam
747 312 973 375 organicae
991 305 1307 354 delineationis
1328 322 1540 354 centrum
1557 347 1569 366 ,
1587 307 1738 356 eidem
1760 308 1847 357 ob-

167 381 287 428 iecto
312 377 466 447 optice
492 375 721 426 simillima
742 375 946 424 exhiberi
971 417 983 436 ,
1006 371 1040 422 si
1067 376 1257 443 quidem
1287 374 1403 423 nihil
1432 379 1612 443 penitus
1646 393 1847 425 mutatur

169 453 332 517 opticae
353 447 597 514 pyramidis
617 463 770 493 vertex
804 455 848 494 ὃς
874 445 999 494 idem
1022 462 1215 492 numero
1243 441 1643 511 perseuerat,dum
1669 441 1847 513 singula

170 515 345 566 tabellae
371 513 579 584 exp'ositae
605 511 679 562 seu
703 518 914 583 imaginis
949 530 1203 582 prototypae
1234 512 1512 561 lineamenta
1541 513 1847 582 comprehen-

84 600 99 617 α
168 585 283 633 dens
302 584 434 633 radiis
457 582 540 633 suis
562 583 746 631 vlterius
764 582 997 650 produohs
1015 587 1063 630 in
1080 579 1347 649 oppositum
1370 587 1590 650 parietem
1619 580 1714 630 siue
1737 582 1849 631 deli-

170 659 398 703 neationis
419 652 607 722 planum
625 655 843 719 impingit
859 661 903 701 ὃς
926 648 1071 700 basim
1087 647 1211 699 suam
1240 649 1462 712 collocat,
1481 670 1581 720 quae
1608 670 1690 719 pro
1719 658 1849 701 variis

171 733 218 772 ὃς
244 719 549 771 diuersimode
577 717 732 789 pofitis
759 719 803 769 su
842 718 1085 770 erficiebus
1152 739 1229 768 uas
1261 724 1447 789 attingit
1476 721 1625 787 potest
1659 722 1852 788 quidem

173 793 260 840 effe
280 788 452 839 diuersa
472 801 515 840 ὃς
529 795 669 839 varias
688 794 735 838 in
752 739 845 858 ipsa
864 790 1099 858 pyramide
1116 737 1350 837 (setitiones
1380 787 1617 849 exhibere,
1647 790 1852 859 ideoque

173 859 340 927 figuras
358 858 651 910 Geometrice
669 859 867 908 multum
886 857 1093 908 diffimile
1145 856 1221 906 sed
1237 856 1394 926 optice
1407 857 1540 926 plane
1550 856 1734 918 similes,
1756 877 1854 925 pro-

175 917 274 998 pfer
290 929 506 978 eumdem
523 935 743 979 verticem
762 933 843 997 qui
861 928 1073 977 eamdem
1108 945 1267 995 emper
1283 923 1506 976 visionem
1532 925 1673 976 debet
1700 927 1851 976 effice-=

174 1018 233 1048 re.

246 1070 422 1119 Praestat
440 1086 595 1117 autem
615 1069 836 1136 posterior
851 1068 945 1117 haec
964 1066 1212 1117 methodus
1230 1071 1369 1136 priori
1397 1068 1527 1135 quod
1549 1063 1604 1116 fit
1628 1065 1853 1116 Vniuersa-

175 1133 261 1185 lior
290 1149 334 1187 &
359 1138 417 1186 ad
442 1137 742 1206 perficiendas
772 1142 820 1185 in
847 1135 1203 1206 quibuscunque
1238 1134 1562 1205 superficiebus
1605 1134 1856 1184 istiusmodi

175 1205 513 1273 designationes
531 1205 665 1275 poffit
684 1204 895 1255 adhiberi
915 1234 926 1265 3
950 1205 1065 1253 nihil
1083 1211 1208 1254 enirn
1228 1211 1276 1253 in
1294 1205 1385 1255 hoc
1412 1203 1613 1253 secundo
1639 1204 1758 1253 libro
1788 1202 1856 1253 fa-

175 1265 393 1324 ciendum
470 1280 711 1345 roponitur
741 1276 870 1344 quod
898 1275 984 1324 hac
1008 1280 1184 1323 ratione
1210 1293 1308 1323 non
1331 1272 1466 1343 possis
1499 1271 1744 1343 consequi,
1763 1273 1857 1322 siue

173 1348 221 1392 in
242 1344 407 1414 planis,
426 1295 519 1393 siue
538 1350 587 1392 in
605 1344 950 1413 hemisphaeriis,
968 1341 1062 1392 fiue
1076 1350 1124 1392 in
1146 1349 1274 1393 conis
1287 1341 1645 1412 ,pyramidibus,
1658 1343 1855 1413 polygo-

176 1419 244 1463 nis
262 1412 583 1482 irregularibus
608 1424 651 1463 &
667 1414 764 1463 aliis
787 1410 1164 1483 quibuscunque,
1183 1432 1231 1462 vt
1258 1418 1348 1461 iam
1376 1414 1582 1462 diximus.
1641 1407 1772 1460 Dum
1791 1431 1857 1462 ta-

177 1502 286 1532 men
304 1480 428 1531 voles
445 1488 492 1531 in
510 1482 699 1551 planum
722 1483 914 1552 aliquod
930 1482 1155 1550 aequabile
1165 1487 1476 1551 proie&iones
1487 1480 1857 1534 eiusmoditrans-

178 1549 392 1613 fundere,
412 1557 609 1622 paratior
625 1553 682 1600 ad
701 1551 827 1601 Vsum
846 1553 1197 1622 expeditiorque
1221 1552 1402 1601 videtur
1426 1556 1549 1622 prior
1580 1550 1747 1600 modus
1777 1555 1860 1621 qui

177 1623 308 1671 fcerrae
328 1621 638 1691 magnitpdini
655 1640 733 1670 aut
752 1626 1000 1690 quantitati
1027 1625 1238 1691 imaginis
1259 1638 1514 1690 prototypae
1539 1638 1636 1668 non
1659 1619 1862 1668 astrincri-

183 1709 279 1750 tur,
306 1688 380 1737 sed
405 1692 556 1758 potest
581 1709 632 1738 ex
661 1709 942 1760 quacunque
978 1700 1021 1739 &
1046 1688 1287 1740 cuiussibet
1322 1688 1654 1760 magnitudinis
1690 1663 1861 1738 tabella

172 1758 420 1807 -obiedtum
446 1758 819 1808 adumbrandum
844 1760 1063 1808 affumere
1092 1770 1136 1809 ὃς
1162 1759 1280 1808 illius
1314 1763 1651 1828 proiectionem
1671 1775 1722 1806 ex
1742 1754 1863 1807 facia

181 1847 261 1898 per
280 1828 436 1877 duCtas
460 1827 600 1877 lineas
617 1829 834 1878 craticula
850 1839 894 1879 &
912 1828 1248 1897 proportionali
1271 1846 1351 1897 per
1376 1827 1550 1876 areolas
1584 1826 1864 1897 homologas

180 1903 229 1945 in
257 1897 394 1966 plano
418 1896 720 1946 delineatorio
746 1904 944 1967 partium
978 1897 1095 1947 illius
1124 1896 1447 1947 distributione
1474 1897 1708 1945 instituere
1727 1938 1739 1958 ,
1766 1913 1866 1944 non

184 1965 307 2015 secus
325 1987 376 2015 ac
395 1965 429 2016 si
448 1967 784 2036 quodcumque
804 1968 965 2017 datum
987 1965 1316 2017 simulachrum
1342 1971 1390 2014 in
1409 1970 1635 2015 maiorem
1663 1960 1865 2016 formam

183 2034 500 2104 ampliandum
516 2053 594 2084 aut
612 2037 672 2084 ad
686 2041 917 2086 minorem
934 2036 1308 2086 contrahendum
1325 2050 1675 2105 proponeretur.

256 2111 431 2154 Verum
452 2106 674 2174 posterior
690 2106 939 2154 methodus
957 2106 1004 2154 id
1026 2111 1165 2155 etiam
1182 2103 1327 2154 habet
1343 2104 1587 2156 commodi
1649 2104 1745 2152 uod
1771 2102 1869 2172 plass

186 2193 299 2222 num
317 2173 669 2223 delineat-‚orium
683 2175 812 2242 asch,
823 2173 917 2224 siue
928 2193 1260 2244 quamcunque
1272 2172 1560 2243 superficiem
1568 2121 1870 2222 deciineationi

187 2242 990 2297 obnoxiam,linearummultitudine
1009 2255 1053 2294 &
1073 2242 1346 2294 confusione
1367 2241 1554 2304 liberat,
1567 2260 1675 2290 cum
1700 2260 1798 2290 non
1814 2239 1872 2289 srt

191 2313 486 2361 necessarium
496 2312 671 2380 aliquas
683 2313 854 2362 areolas
866 2319 913 2361 in
923 2312 1000 2362 illa
1010 2311 1360 2374 describere,sed
1368 2310 1464 2361 sine
1475 2312 1563 2360 alia
1578 2307 1764 2379 spatiiin
1776 2309 1870 2380 plu-

191 2398 260 2429 res
274 2399 420 2449 partes
438 2379 926 2442 distributione,solum
936 2381 1067 2431 filum
1085 2386 1267 2444 AILK,
1280 2400 1362 2450 per
1379 2386 1591 2429 imaoinis
1614 2396 1870 2449 prototypae

191 2448 472 2499 lineamenta
490 2450 853 2500 dedu&um&in
875 2472 903 2500 o
941 2450 1135 2521 positam
1152 2450 1439 2521 superficiem
1457 2425 1676 2518 allapsum
1693 2445 1872 2516 praecise

193 2517 403 2589 defignet
421 2519 524 2569 loca
539 2526 587 2569 in
608 2519 780 2591 quibus
799 2470 991 2590 quaefitae
1012 2526 1224 2593 imaginis
1241 2539 1389 2589 partes
1418 2516 1746 2568 adumbrandae
1768 2513 1877 2585 sinn

424 2662 1104 2711 COROLLARIVM
1159 2660 1635 2712 SECVNDVM.

344 2802 442 2846 Om
446 2799 570 2867 plera
584 2802 796 2868 imaginis
813 2799 1441 2869 adumbrandaeproieffione
1458 2804 1506 2848 in
1517 2794 1724 2866 exposito
1734 2794 1875 2865 plano

344 2864 417 2916 seu
438 2872 721 2937 pariete,iam
737 2868 883 2917 ducitis
902 2867 1192 2918 lineamentis
1207 2873 1318 2917 varii
1334 2869 1512 2918 colores
1534 2871 1725 2915 veniunt
1740 2865 1876 2913 indu-

200 2939 360 2997 cendi,
375 2936 641 3005 vmbraeque
660 2946 705 2986 ὃς
724 2937 938 2999 recessus,
958 2943 1216 2987 eminentiae
1238 2948 1287 2988 &
1305 2938 1601 2986 exaltationes
1617 2935 1676 2983 ad
1689 2933 1877 3003 elegan-

200 3025 297 3056 tem
316 3010 497 3075 piCturae
515 3006 735 3055 effeetum
752 3005 929 3056 debent
946 3012 1159 3077 exprimi,
1177 3011 1239 3055 ita
1254 3025 1304 3055 vt
1320 3025 1417 3059 non
1434 3003 1547 3054 sicut
1565 3009 1613 3052 in
1629 3002 1807 3052 tabellis
1831 3010 1876 3049 δε

201 3080 388 3145 Ρίἇὶυῑίε
403 3075 640 3140 ordinariis
659 3093 760 3143 quae
778 3076 957 3124 dimoto
975 3077 1190 3125 videntur
1215 3075 1269 3125 as
1322 3078 1398 3124 «stu
1409 3071 1652 3138 ,vniformi
1678 3070 1880 3137 quad-am

203 3145 415 3194 colorum
435 3162 648 3214 armoge,
661 3143 888 3213 mollique
912 3145 1176 3195 vmbrarum
1195 3155 1238 3194 &
1276 3150 1442 3192 uminis
1462 3139 1655 3192 ‘incisura
1672 3144 1880 3187 eminen-

204 3219 322 3263 tiora
336 3232 444 3262 cum
463 3211 799 3262 redu&ioribus
818 3218 1089 3283 iungantur,
1111 3224 1155 3263 &
1182 3211 1309 3283 quasi
1327 3211 1575 3262 insensibili
1591 3227 1710 3257 nexu
1732 3213 1879 3256 vario-

206 3301 307 3330 rum
327 3282 539 3331 colorum
557 3300 758 3330 extrema
773 3286 891 3330 inter
909 3280 952 3330 se
969 3289 1326 3343 connedtantur3
1339 3283 1386 3330 id
1405 3286 1529 3330 enim
1545 3276 1762 3346 prohibet
1783 3293 1883 3325 tum

194 3356 472 3421 proiedkurae
492 3349 766 3420 obliquitas,
783 3368 883 3400 tuin
898 3350 1197 3420 plurimarum
1222 3350 1340 3400 illius
1367 3354 1566 3420 partium
1588 3351 1787 3396 maxima
1820 3361 1890 3395 re-
