2498 3898
644 234 893 283 LrssER
938 234 1399 281 SECVNDVS.
1796 246 1862 299 141

197 305 314 359 bunt
330 308 378 353 in
395 308 573 372 punffls
601 308 646 351 O
662 308 694 352 P
709 302 829 364 QR,
849 313 931 353 &c.
969 301 1239 371 dabuntque
1264 303 1624 350 diminutionem
1648 305 1863 354 interual-

195 375 345 423 lorum
371 370 765 441 proportionalem
783 413 795 434 ,
825 390 923 441 quae
950 368 1125 420 debent
1151 373 1288 439 spatia
1316 370 1493 420 circulis
1524 371 1862 440 diagrammatis

165 448 324 493 χχΧΙᾸΙ.
350 438 680 509 comprehensa
698 441 1008 510 repraesentare
1027 461 1039 490 3
1055 442 1175 489 vnde
1199 452 1242 490 δε
1272 439 1427 488 circuli
1451 438 1678 508 quadrans
1708 445 1755 487 in
1784 461 1862 488 co-

194 530 307 559 num
322 510 623 578 complicatus
636 521 680 560 &
696 515 742 558 in
755 510 914 558 debito
924 508 1031 571 situ,
1042 509 1247 578 iustaque
1265 509 1472 556 distantia
1490 505 1598 556 visui
1620 505 1861 576 expositus,

196 579 289 648 ipsa
305 586 423 628 inter
438 577 479 628 se
503 577 691 649 aequalia
707 589 750 627 δε
768 583 815 626 in
831 597 1081 647 prototypo
1101 578 1336 626 delineatis
1356 575 1515 625 similia
1533 570 1782 626 exhibebit.

684 719 1366 768 COROLLARIVM.

318 863 361 905 X
379 865 429 908 iis
448 877 547 929 quae
570 857 762 905 diximus
784 854 882 906 satis
904 875 1048 926 patet,
1062 856 1191 926 quod
1212 854 1244 904 si
1264 860 1310 902 in
1325 853 1497 903 circulo
1517 848 1859 921 bdefghik,de-

315 926 476 996 scripta
491 947 543 976 ex
560 925 824 993 symmetriae
843 937 887 976 δε
913 931 1266 994 proportionum
1292 922 1472 992 legibus
1499 922 1744 972 haberetur
1757 931 1863 973 ima-

192 1019 254 1063 qo
282 997 521 1069 quaelibet,
542 993 777 1065 partesque
806 993 939 1063 ipsius
969 989 1305 1063 comprehensae
1333 991 1538 1061 quadran
1575 992 1657 1041 ulis
1689 1011 1787 1062 quae
1813 999 1861 1042 in

192 1055 520 1138 diagrammate
538 1070 666 1116 XLI.
686 1064 863 1113 circulis
884 1075 927 1113 ὃ(
945 1065 1173 1112 diametris
1202 1062 1520 1121 efformantur,
1540 1012 1725 1131 {ingulae
1755 1082 1859 1132 pro-

192 1137 509 1205 portionaliter
535 1130 884 1183 transferrentur
916 1140 961 1181 in
993 1131 1308 1202 quadrangula
1342 1130 1563 1199 ampliora
1596 1132 1860 1199 quadrantis

189 1210 231 1254 A
246 1212 353 1265 BC,
378 1210 425 1252 in
442 1202 669 1253 schemate
688 1202 1059 1270 quadragesimo,
1081 1200 1248 1249 eodem
1268 1201 1410 1248 modo
1426 1241 1438 1260 ,
1458 1217 1505 1246 vt
1532 1205 1622 1247 iam
1652 1201 1860 1258 diximus,

189 1293 287 1342 quo
303 1272 440 1322 velles
460 1274 613 1322 datam
631 1269 888 1341 quamlibet
905 1276 1155 1341 imaginem
1172 1270 1229 1317 ad
1245 1274 1476 1317 minorem
1501 1264 1697 1316 formam
1726 1288 1862 1317 reuo-

188 1362 313 1404 care,
332 1342 403 1390 vel
423 1343 637 1391 diducere
656 1346 703 1388 in
721 1340 991 1410 ampliorem
1014 1368 1024 1399 ·,
1043 1338 1135 1408 ipsa
1152 1345 1308 1409 imago
1325 1336 1385 1386 fic
1403 1343 1450 1384 in
1469 1337 1723 1406 quadrante
1749 1338 1862 1386 deli-

187 1416 656 1481 neata‚quantumuis
674 1406 864 1459 confuia
885 1421 928 1459 ὃς
950 1414 1097 1480 primo
1120 1414 1286 1456 intuitu
1310 1412 1419 1456 citra
1439 1407 1863 1475 proportionumle-

188 1500 268 1550 ges
288 1493 331 1531 ὃς
357 1486 622 1547 lymmetriae
650 1478 827 1549 regulas
855 1478 1129 1527 adumbrata
1149 1498 1159 1530 3
1183 1476 1483 1524 nihilominus
1511 1480 1558 1522 in
1588 1474 1748 1524 debito
1775 1474 1864 1524 situ

187 1551 415 1600 collocata
432 1560 475 1599 δε
492 1550 549 1598 ad
569 1544 756 1598 oculum
776 1568 827 1596 ex
843 1547 1083 1596 interuallo
1101 1544 1319 1615 requisito
1333 1542 1563 1612 disposita,
1575 1544 1718 1592 modo
1739 1549 1860 1613 prius

188 1624 201 1667 i
239 1618 280 1667 se
300 1619 528 1689 quadrans
551 1624 598 1666 in
617 1612 790 1667 conum
817 1617 1039 1666 coaluerit
1056 1658 1068 1677 ,
1096 1614 1216 1663 recte
1246 1617 1593 1682 proportionata
1613 1612 1858 1674 videbitur,

186 1637 432 1757 similisque
452 1685 628 1757 prorsus
645 1698 688 1737 δε
704 1686 885 1756 aequalis
907 1691 968 1746 ei,
990 1704 1089 1754 quae
1107 1690 1154 1732 in
1174 1683 1323 1751 spatiis
1343 1682 1682 1750 diagrammatis
1714 1684 1849 1730 XLI.

186 1755 410 1826 descripta
444 1761 652 1826 primitus
679 1753 1044 1806 haberetur-‚sed
1073 1754 1130 1802 ad
1156 1753 1412 1822 pleniorem
1443 1755 1703 1819 pragmatiae
1727 1749 1860 1798 huius

185 1825 542 1896 intelligentiam
559 1826 769 1894 quaedam
784 1831 832 1872 in
857 1822 1154 1894 sequentibus
1185 1817 1577 1890 propositionibus
1602 1819 1766 1869 harum
1789 1837 1860 1887 ref

186 1895 459 1945 dustionum
476 1895 789 1965 paradigmata
808 1894 1105 1962 proferemus.

590 2032 1071 2081 PROPOSITIO
1115 2030 1437 2094 QleTA.

183 2176 231 2221 In
245 2176 412 2220 interiori
425 2172 490 2242 feu
509 2190 672 2219 concaua
695 2174 775 2217 coni
785 2172 986 2241 superficie
1010 2174 1215 2238 imaginem
1238 2166 1446 2238 describere
1470 2184 1569 2237 quoe,
1589 2164 1656 2229 etfi
1675 2165 1774 2213 alia's
1795 2166 1860 2213 de—

244 2246 405 2310 formis,
425 2244 583 2310 confusa
599 2255 659 2296 0‘9*
678 2247 1010 2310 zmproportz'onata
1031 2240 1230 2292 videatur,
1249 2237 1486 2284 nzlnlominus
1502 2242 1540 2285 in
1566 2234 1688 2282 debito
1703 2236 1780 2302 situ
1799 2250 1861 2296 ξφ

253 2316 448 2384 assignato
457 2312 622 2382 punHO,
637 2312 739 2380 visus
755 2311 940 2380 exposita,
960 2309 1100 2360 obiecsio
1118 2308 1299 2378 propofiro
1314 2310 1390 2380 seu
1399 2325 1600 2378 prototypo
1625 2306 1761 2370 similis
1785 2324 1860 2375 ap—

244 2400 397 2452 pareat.

184 2527 430 2646 PArum
451 2524 602 2572 differt
620 2528 667 2571 in
683 2520 757 2570 sua
781 2523 1121 2570 const1·u&ione
1148 2519 1238 2568 hoc
1266 2515 1507 2586 problema
1525 2515 1549 2563 a
1567 2513 1857 2584 praecedenti‚

282 2613 330 2643 vt
348 2590 479 2642 facile
497 2590 759 2662 agnoscitur
779 2610 832 2639 ex
851 2593 1180 2661 diagrammate
1200 2584 1550 2657 quadragesimo
1573 2583 1771 2633 secundo
1799 2582 1859 2630 ad

184 2663 276 2712 hoc
295 2662 525 2711 delineato
544 2667 590 2709 in
607 2658 725 2711 Tab.
747 2673 809 2709 26.
830 2659 972 2709 habet
996 2665 1119 2707 enim
1137 2669 1179 2706 ὃς
1201 2655 1358 2706 circuli
1378 2655 1683 2722 quadrantem
1705 2658 1785 2701 AB
1799 2657 1856 2711 C,

184 2730 379 2780 diuisum
398 2736 446 2778 in
470 2735 578 2778 octo
600 2747 747 2798 partes
766 2730 959 2798 aequales
981 2729 1112 2776 radiis
1131 2732 1216 2778 AB
1230 2769 1242 2787 ,
1262 2732 1304 2774 D
1320 2731 1377 2785 Β,
1393 2728 1426 2771 E
1439 2730 1472 2772 B
1487 2765 1499 2783 ‚
1516 2733 1599 2772 δίε.
1621 2739 1720 2790 quae
1741 2719 1856 2768 fimi-

184 2800 364 2861 lem‚vt
384 2805 433 2848 in
448 2797 680 2849 schemate
704 2797 1056 2868 quadragesimo
1090 2802 1238 2865 primo
1256 2837 1267 2856 ,
1298 2812 1404 2842 cum
1432 2796 1522 2861 ipla
1551 2793 1773 2839 diametro
1794 2788 1856 2857 kf}

184 2875 536 2940 proportionem
562 2867 779 2917 obtinent
795 2905 808 2922 ‚
835 2867 980 2916 immo
1011 2867 1235 2914 eamdem,
1260 2864 1311 2912 Id
1336 2861 1481 2910 solum
1517 2859 1854 2909 aduertendum

184 2942 269 2997 est,
289 2937 576 3007 superficiem
593 2942 701 2987 coni
719 2942 984 2986 interiorem
1001 2934 1075 2982 seu
1097 2952 1351 2983 concauam
1371 2930 1539 2978 debere
1570 2927 1679 2976 vilui
1704 2948 1853 2996 oppo-

183 3015 252 3064 ni,
269 3015 331 3058 ita
347 3027 395 3056 vt
418 3007 579 3056 oculus
598 3011 816 3055 intuentis
836 3012 882 3054 in
901 3025 953 3054 ea
972 3009 1093 3053 resta
1113 3004 1231 3051 linea
1250 3002 1552 3050 constituatur
1569 3017 1669 3067 quae
1697 2994 1850 3069 transit

182 3097 264 3146 per
284 3082 394 3127 coni
410 3082 629 3125 verticem
649 3086 692 3124 ὃς
708 3094 917 3124 centrum
939 3072 1052 3123 basis
1075 3071 1232 3141 ipsius,
1255 3088 1434 3119 tantum
1460 3068 1518 3116 ab
1536 3067 1628 3135 ipsa
1655 3065 1756 3137 baie
1767 3065 1852 3111 dil-

182 3147 312 3209 situs,
343 3164 570 3216 quantum
600 3163 753 3193 vertex
781 3143 839 3192 ab
864 3143 998 3212 ipsius
1031 3141 1145 3191 baiis
1170 3159 1330 3190 centro
1359 3139 1516 3186 distare
1545 3136 1856 3203 cognoicitur}

180 3219 302 3266 vnde
328 3222 375 3265 in
403 3211 663 3264 huiusmodi
693 3214 1021 3262 constitutione
1040 3254 1052 3274 ‚
1081 3231 1179 3280 quae
1208 3211 1270 3257 est
1308 3207 1580 3277 praecedenti
1616 3207 1854 3252 contraria·

183 3292 293 3354 quia
310 3288 617 3355 propin-quior
643 3284 708 3331 est
732 3281 871 3331 oculo
901 3279 1015 3329 basis
1045 3300 1185 3350 quam
1216 3298 1349 3346 apex,
1368 3274 1542 3324 debent
1569 3271 1707 3341 spatia
1731 3275 1849 3318 inter

183 3357 341 3405 circuli
355 3374 484 3405 arcus
503 3349 833 3421 comprehensa
844 3349 1249 3420 proportionaliter
1259 3352 1414 3416 augeri
1425 3365 1447 3392 a
1461 3340 1552 3391 basi
1561 3341 1617 3390 ad
1625 3344 1846 3388 verticem·

1547 3419 1571 3461 S
1627 3415 1668 3474 iij
