2498 3898
621 249 682 291 24
895 231 1569 282 THAVMATVRGI
1648 232 2005 280 OPTICi.

615 304 686 347 nis
714 296 768 348 sit
792 299 990 350 formalis
1023 297 1194 347 obiecti
1222 296 1303 346 visi
1336 298 1662 368 repraesentatio
1697 309 1741 349 ὃς
1769 297 1948 366 pititurav
1971 295 2164 347 eiusdem
2199 317 2280 348 na·-

616 370 768 418 turalis
790 385 926 438 atque
961 366 1182 417 simillima
1205 366 1617 438 perfectissimaque
1635 406 1648 427 ,
1668 368 1799 436 quod
1829 366 1936 414 inde
1957 369 2132 432 constat
2173 372 2280 437 quia

615 439 724 503 radij
760 437 921 507 singuli
942 434 1014 499 siba
1035 439 1204 503 punem
1222 435 1250 485 'a
1264 438 1427 505 quibus
1448 438 1686 485 dimanant
1705 440 1751 483 in
1778 438 1943 504 quouis
1974 434 2052 484 suo
2081 436 2276 506 assigna-

615 507 691 556 bili
715 512 888 575 punolo
913 508 1065 554 medio
1082 501 1280 572 perfecit&
1302 505 1615 573 repraesentant
1630 543 1641 564 ‚
1663 506 1768 552 teste
1790 505 2057 571 experientia
2083 504 2277 572 superius

613 577 747 623 allata
766 580 811 622 in
835 591 925 642 qua
943 575 1127 622 linteum
1151 573 1219 621 vel
1239 591 1358 622 carta
1376 577 1545 623 munda
1570 574 1781 622 foramini
1813 570 2036 640 exposita,
2057 573 2178 640 plani
2210 579 2280 620 in·-

616 643 870 692 tersecantis
892 647 1031 689 vicem
1051 643 1197 709 potest
1217 642 1451 701 obtinere,
1469 647 1517 692 in
1546 644 1673 713 quod
1701 660 1862 690 omnes
1895 642 2137 708 specierum
2168 643 2275 706 radij

612 712 779 781 singuli
808 709 880 758 sua
903 713 1074 779 punita
1090 710 1111 756 a
1130 708 1295 780 quibus
1316 716 1532 770 emicant,
1555 712 1760 759 ordinate
1777 710 2190 766 transfundunt‚vt
2206 729 2279 778 pa-

615 797 679 829 tet
700 800 749 828 ex
772 799 824 828 eo
847 779 974 849 quod
996 779 1167 827 ibidem
1192 778 1564 828 ordinatiffimam
1591 780 1879 827 obie&0rum
1907 775 2150 829 visibilium
2181 778 2279 828 for-

613 869 761 908 mam,
780 850 986 918 adeoque
1006 851 1234 906 natiuum,
1257 853 1502 915 genuinum
1524 859 1567 899 &
1589 847 1935 916 pulcherrimum
1963 848 2278 897 simulachrum

614 921 903 987 imprimant,
923 916 1050 986 quod
1075 916 1174 965 satis
1196 918 1369 966 constat
1391 938 1442 966 ex
1464 918 1699 983 praeallatis
1722 924 1765 964 δε
1795 933 1919 964 nunc
1949 915 2021 964 hic
2050 934 2277 985 tanquam

615 989 924 1035 indubitatum
945 987 1220 1053 supponitur
1239 1006 1249 1039 3
1277 988 1398 1035 vnde
1417 984 1495 1035 etsi
1514 984 1731 1034 nonnihil
1753 981 2016 1033 discriminis
2026 986 2278 1034 intercedat

614 1060 729 1103 inter
751 1056 928 1104 directae
949 1051 1133 1105 visionis
1164 1060 1473 1105 oeconomiam
1496 1065 1540 1104 ὅς
1565 1057 1854 1121 experimenti
1874 1053 1985 1101 illius
2014 1056 2157 1123 optici
2186 1052 2281 1101 dis-

614 1122 888 1192 positionem
906 1163 918 1183 ,
937 1141 1035 1173 tum
1055 1140 1240 1192 propter
1263 1125 1509 1174 decussatos
1538 1128 1585 1172 in
1616 1121 1839 1172 foramine
1867 1120 2107 1190 specierum
2123 1120 2281 1171 visibi-

614 1194 725 1242 lium
754 1194 929 1253 radios‚
963 1210 1058 1241 tum
1087 1198 1221 1241 etiam
1249 1209 1434 1263 propter
1465 1189 1664 1261 ipsorum
1692 1187 2011 1239 refractionem
2035 1194 2201 1240 cumin
2221 1210 2277 1239 eo

612 1263 707 1311 lens
739 1281 939 1312 conuexa
967 1261 1207 1311 adhibetur
1228 1300 1241 1323 ‚
1272 1264 1321 1311 id
1344 1280 1498 1311 tamen
1532 1261 1749 1310 habemus
1776 1264 1910 1308 etiam
1931 1264 1978 1308 in
2005 1258 2278 1328 perspecstiua

615 1336 847 1380 communi
869 1333 942 1380 seu
955 1329 1235 1398 dire&a,per
1268 1348 1422 1379 totum
1442 1330 1682 1398 pyramidis
1709 1324 1883 1376 visualis
1902 1327 2088 1396 spatium
2104 1367 2116 1387 ‚
2131 1332 2299 1396 piritu--

613 1418 707 1449 ram
719 1396 1104 1469 quamdaminesse
1120 1438 1132 1458 ,
1146 1417 1285 1468 quam
1302 1416 1464 1447 vocare
1484 1398 1711 1465 possumus
1734 1393 1895 1444 aeriam
1913 1397 1970 1445 ab
1990 1399 2161 1445 obiecti
2174 1393 2276 1462 spe-

613 1468 764 1517 ciebus
783 1469 1034 1517 visibilibus
1052 1472 1098 1517 in
1115 1468 1266 1517 medio
1287 1466 1521 1534 diaphano
1540 1483 1615 1534 per
1642 1465 1793 1513 radios
1824 1469 1871 1512 in
1895 1465 2081 1514 oculum
2108 1465 2279 1513 emissa-

612 1540 702 1586 rios
725 1533 1008 1586 cfformatam
1023 1576 1035 1596 ‚
1050 1555 1148 1607 quse
1173 1537 1254 1585 etsi
1279 1537 1417 1584 oculis
1440 1539 1666 1604 corporeis
1682 1553 1780 1599 non
1803 1551 2027 1593 cernatur,
2042 1551 2193 1582 mente
2208 1551 2278 1582 ta-

612 1623 717 1654 men
740 1609 987 1674 percipitur
1004 1607 1062 1654 ab
1081 1605 1467 1675 intelligentibus,
1491 1609 1599 1654 &in
1621 1601 1862 1671 proposito
1891 1603 2027 1669 plano
2047 1621 2139 1651 arte
2156 1602 2277 1651 haud

613 1673 739 1722 aliter
763 1675 1058 1724 adumbratur
1078 1692 1126 1723 ac
1148 1672 1181 1722 si
1201 1670 1346 1723 reuera
1365 1677 1479 1722 inibi
1501 1671 1777 1723 naturaliter*
1791 1668 2054 1719 sensibiliter
2072 1669 2278 1739 impressa

612 1743 864 1792 videretur:
885 1761 940 1791 ne
981 1763 1034 1792 ue
1053 1743 1170 1792 dicas
1192 1744 1318 1791 istam
1380 1746 1570 1792 iCturam
1604 1737 1677 1789 seu
1704 1743 1953 1809 imaginem
1978 1736 2275 1788 insensibilem

613 1827 753 1882 atque
779 1811 898 1862 adeo
918 1760 1033 1860 niliil
1057 1812 1141 1861 esse
1164 1834 1173 1860 :
1198 1816 1320 1861 Nam
1346 1761 1699 1860 siinsensibilem
1721 1809 1829 1858 velis
1856 1810 1981 1877 quusi
2007 1826 2168 1857 natura
2202 1806 2278 1857 sua

615 1897 738 1929 extra
761 1881 923 1930 limites
948 1897 1086 1951 atque
1114 1884 1406 1948 capacitatem
1431 1882 1602 1929 obiecti
1625 1876 1840 1926 sensibilis
1868 1875 2106 1935 exclusams,
2131 1894 2276 1946 nega-

615 1949 736 1997 bitur
757 1949 841 1999 tibi
859 1947 968 1998 falsa
988 1949 1165 1999 assertio
1188 1972 1198 1998 :
1220 1950 1252 1998 si
1272 1947 1379 1998 vero
1402 1950 1449 1998 id
1473 1946 1619 1998 solum
1637 1947 1912 2008 contendas,
1928 1947 1983 1995 de
1998 1944 2123 1995 fadh'o
2139 1948 2280 2014 ipsam

612 2033 663 2066 vt
682 2035 793 2084 pote
812 2022 859 2068 in
885 2025 982 2067 a'e’re
1012 2017 1267 2067 tenuissimo
1295 2014 1547 2067 versantem
1575 2035 1676 2065 non
1703 2015 1846 2065 videri
1865 2036 1875 2068 ;
1896 2010 2071 2063 tametsi
2104 2015 2166 2063 de.
2187 2016 2278 2062 hoc

613 2085 710 2154 ipso
734 2089 862 2136 multi
889 2088 1131 2157 ambigant
1164 2097 1208 2136 &
1242 2090 1291 2134 in
1318 2090 1506 2155 ancipiti
1534 2082 1840 2134 controuersia
1857 2082 2014 2153 gliscat
2035 2103 2046 2135 ς
2065 2082 2111 2129 id
2128 2078 2277 2129 solum

613 2156 774 2205 effic-ies
794 2156 948 2206 stabile
974 2167 1016 2206 ὃς
1036 2173 1302 2223 permanens
1324 2150 1752 2213 domicilium,visus
1772 2157 2018 2201 terminum
2037 2169 2134 2208 nom
2148 2153 2278 2198 inue⁴

614 2228 699 2274 niti
719 2246 731 2278 ;
757 2225 1143 2296 quemadmodum
1161 2226 1216 2273 de
1233 2225 1400 2273 lumine
1417 2229 1550 2272 etiam
1567 2221 1664 2292 ipso
1685 2226 1804 2270 redte
1825 2218 2138 2290 philosophari
2156 2220 2274 2267 licet.-

613 2297 739 2343 Nam
760 2310 930 2344 certum
947 2295 1006 2344 est
1025 2295 1176 2343 lumen
1196 2296 1220 2343 a
1239 2293 1423 2342 candela
1448 2297 1496 2341 in
1516 2292 1700 2341 oculum
1721 2308 1800 2359 per
1826 2298 1970 2338 a'erem
1984 2306 2144 2357 purum
2157 2287 2276 2336 dela-

614 2378 732 2422 tum,
751 2367 799 2411 in
818 2379 921 2412 toto
944 2363 1216 2413 intermedio
1244 2370 1343 2411 aere
1360 2361 1693 2431 vbiquelucere
1716 2369 1759 2408 &
1787 2377 1948 2426 corpus
1978 2356 2172 2406 candelae
2205 2356 2276 2404 lu-

613 2432 764 2480 cidum
781 2430 963 2491 referre,
986 2429 1158 2481 etiamsi
1178 2430 1402 2501 nusquam
1422 2428 1540 2479 sistat
1556 2469 1571 2490 ,
1596 2428 1817 2497 nusquam
1842 2441 2157 2495 permanenter
2183 2425 2277 2471 hae-

614 2517 735 2559 reat,
755 2499 830 2549 sed
851 2506 975 2550 retsto
1003 2504 1180 2550 tramite
1210 2516 1370 2570 pergat
1391 2519 1401 2553 ;
1420 2518 1556 2548 nemo
1587 2514 1743 2546 tamen
1772 2497 1937 2544 idcirco
1970 2495 2088 2560 dicet
2120 2493 2277 2540 lumen

615 2568 723 2618 illud
740 2573 854 2618 inter
874 2570 1053 2619 oculum
1074 2579 1118 2619 &
1139 2570 1372 2619 candelam
1392 2571 1681 2617 interiectum
1698 2560 2035 2613 insensibileaut
2052 2561 2165 2609 nihil
2176 2559 2274 2609 esse:

615 2634 674 2685 sic
692 2656 800 2709 ergo
822 2655 973 2708 neque,
990 2636 1149 2706 species
1174 2636 1363 2687 visibilis¹
1378 2633 1455 2685 etsi
1483 2641 1530 2684 in
1560 2637 1717 2704 aliquo
1747 2633 1904 2681 medio
1934 2649 2036 2680 non
2065 2631 2277 2678 termine-

616 2723 689 2755 tur
710 2725 761 2757 vt
785 2704 877 2756 visu
895 2707 1280 2776 apprehendatur,
1302 2723 1400 2753 non
1416 2706 1521 2754 ideo
1543 2705 1657 2754 nihil
1679 2719 1753 2751 aut
1772 2699 2040 2750 insensibilis
2060 2696 2275 2750 censenda

615 2775 684 2824 cst.
723 2777 869 2826 Immo
884 2773 917 2824 si
938 2779 1040 2846 quis
1059 2792 1211 2825 mente
1226 2776 1474 2841 concipiat,
1494 2770 1585 2822 siue
1605 2772 1839 2822 candelam
1859 2766 1929 2817 seu
1947 2769 2177 2816 obiectum
2203 2785 2278 2813 co-

615 2845 812 2894 loratum
828 2846 999 2895 aboleri
1018 2841 1268 2913 persistente
1284 2844 1473 2902 lumine,
1495 2843 1688 2891 durante
1710 2839 1869 2888 coloris
1886 2835 2028 2905 specie
2046 2839 2093 2882 in
2119 2841 2271 2883 aete&

616 2915 751 2964 oculo
765 2919 822 2973 ,is
841 2931 957 2964 certe
980 2924 1023 2964 ὃς
1044 2914 1200 2963 lumen
1221 2912 1414 2962 candelae
1437 2922 1480 2961 ὃς
1501 2909 1688 2976 speciem
1710 2907 1903 2956 colorati
1924 2902 2066 2971 reipsa
2084 2902 2275 2961 videbit,

617 2983 701 3032 nisi
720 2985 847 3034 malis
869 3002 967 3033 cum
989 2987 1106 3031 caecis
1129 2985 1271 3033 dicere
1291 2979 1348 3029 ab
1368 2981 1503 3029 oculo
1521 2998 1613 3028 rem
1633 2976 1856 3025 abolitam
1877 2984 1920 3023 &
1933 2973 2127 3029 nihilum
2139 2974 2271 3019 cerni.

616 3056 789 3121 Species
809 3056 949 3122 igitur
967 3051 1150 3101 visibilis
1169 3056 1215 3099 in
1234 3057 1332 3099 ae're
1353 3064 1572 3116 tanquam
1590 3063 1692 3095 vera
1713 3045 1884 3093 obierffl
1904 3048 2068 3110 imago
2099 3039 2273 3114 realiter

615 3120 811 3170 versatur
839 3119 996 3190 suique
1033 3119 1219 3169 similem
1245 3119 1493 3185 imaginem
1526 3115 1726 3164 stabilem
1764 3123 1810 3162 ὃς
1847 3124 2186 3178 permanentem
2223 3123 2272 3152 in

617 3206 896 3259 quocunque
914 3189 1204 3237 intersecante
1224 3198 1266 3237 &
1297 3186 1533 3253 proposito
1561 3185 1701 3252 plano
1725 3179 2065 3230 describendam
2090 3174 2276 3242 artifici-⁴

620 3257 700 3305 bus
717 3265 947 3326 propinat.
1363 3292 1366 3295 Δ
1659 3293 1661 3295 -
2040 3310 2043 3311 ⁷
2207 3315 2217 3323 ,

625 3366 631 3371 .
689 3327 906 3395 Exemplo
927 3345 990 3377 tes
1009 3325 1085 3376 fiet
1104 3325 1321 3374 illustrior.
1346 3327 1662 3394 Supponamus
1681 3324 1729 3369 in
1748 3319 1876 3370 aditu
1894 3332 2072 3366 camerae
2092 3313 2270 3362 alicuius

2198 3380 2271 3453 seu
