2498 3898
649 247 718 301 1'30
961 242 1627 289 THAVMATVRGI
1700 244 2009 292 OPTICI

656 317 778 372 ἀίω,
802 326 1050 378 quaproter
1068 319 1110 358 δε
1133 309 1226 358 haec
1252 307 1475 379 praesentis
1503 310 1694 361 Tabulae
1713 310 1864 362 sedilia
1886 311 2043 362 iisdem
2069 311 2320 383 singular-iis

658 380 817 429 litteris
835 375 909 426 seu
926 377 1228 427 caracteribus
1246 379 1524 428 abecedariis
1545 378 1821 445 signauimus
1833 423 1846 442 ,
1858 381 2026 450 quibus
2049 394 2092 433 δε
2109 383 2327 451 diagram-

660 469 736 500 ma
749 443 1031 517 trigesimum
1050 451 1097 493 in
1110 446 1294 496 Tabula
1319 457 1379 508 18,
1398 465 1446 496 vt
1472 459 1516 497 ὃς
1538 439 1669 497 huius
1699 449 2020 519 propositionis
2043 452 2321 500 constructio

661 516 793 590 poffit
816 514 972 582 aliquo
1007 515 1151 563 modo
1178 535 1228 564 ex
1254 515 1490 587 trigesimae
1518 523 1656 566 tertiae
1684 516 2007 587 propositionis
2044 520 2147 569 libri
2177 524 2327 588 primi,

657 602 877 638 contextu
896 584 1157 651 procedere.

730 652 1005 704 Notandum
1022 652 1321 702 nihilominus
1339 655 1457 704 hanc
1475 661 1522 704 in
1541 658 1795 723 proiectura
1812 655 2000 704 istorum
2024 654 2230 709 sedilium
2256 659 2325 705 de-

657 724 939 774 formitatem
959 725 1163 782 euenire‚
1181 723 1311 792 quod
1327 722 1522 791 oblique)
1540 724 1793 771 admodum
1812 722 1984 774 secetur
2005 724 2064 774 ab
2082 730 2237 794 oprica
2254 745 2326 794 py-

655 792 828 844 ramide
846 790 1035 860 planum
1054 792 1260 839 medium
1278 796 1396 840 inter
1413 790 1650 842 obiectum
1667 803 1710 841 ὃς
1735 793 1946 855 oculum,
1968 793 2060 844 siue
2087 795 2217 863 quod
2244 814 2326 862 pro

657 862 831 912 obiecti
863 864 1119 928 quantitate
1150 871 1194 910 &
1221 859 1519 910 horizontalis
1543 860 1669 909 lineae
1698 859 1938 910 altitudine
1969 863 2169 912 multum
2193 864 2326 913 distet

653 932 802 982 radius
824 927 1083 999 principalis
1099 927 1192 978 fiue
1209 934 1299 978 axis
1318 936 1498 999 opticus
1516 930 1782 979 normaliter
1802 934 1848 977 in
1866 930 2054 998 planum
2073 931 2324 981 delineato-

658 1007 776 1051 rium
794 996 1069 1048 incumbens
1087 997 1145 1047 ab
1163 997 1353 1047 obiecto
1371 1027 1383 1059 ·,
1399 1000 1520 1048 vnde
1541 1010 1585 1049 δε
1605 995 1806 1047 eiusdem
1823 1000 1935 1048 radii
1962 1003 2185 1069 proiectio
2210 1020 2328 1069 pun-

659 1073 787 1120 &um
825 1070 1091 1138 primarium
1116 1069 1170 1126 Q
1192 1065 1291 1116 satis
1317 1066 1341 1116 a
1363 1067 1502 1118 latere
1532 1067 1733 1117 diffitum
1765 1069 2055 1118 constituitur
2079 1070 2328 1130 3distantiae
2379 1088 2383 1095 ·

654 1159 763 1188 vero
784 1137 858 1187 seu
876 1133 1192 1186 secundarium
1210 1178 1222 1198 ,
1248 1143 1462 1206 primario
1488 1143 1623 1186 nimis
1650 1143 1872 1198 vicinum,
1894 1157 1990 1207 quo
2021 1137 2074 1188 fit
2094 1157 2142 1187 vt
2164 1136 2189 1187 ὲ
2212 1157 2327 1203 pun-

657 1210 740 1258 &is
761 1215 809 1260 N
824 1212 868 1256 O
885 1211 918 1256 P
932 1246 945 1266 ,
970 1205 1116 1254 dudtae
1134 1206 1398 1275 diagonales
1416 1207 1606 1256 occultae
1636 1208 1693 1255 ad
1713 1208 1930 1256 distantiae
1949 1210 2173 1276 punctum
2192 1214 2235 1258 R
2248 1227 2330 1268 ,ra-

663 1277 831 1326 dialem
851 1279 896 1323 H
911 1277 989 1335 Q,
1017 1274 1200 1344 longius
1218 1272 1491 1325 intersecent
1506 1279 1554 1323 in
1571 1281 1680 1332 omi,
1701 1274 2037 1344 defignentque
2069 1295 2152 1345 pro
2175 1275 2326 1325 latitu-

661 1347 768 1395 dine
789 1344 925 1415 tigilli
938 1348 1067 1393 vnius
1087 1362 1238 1393 totum
1256 1343 1448 1412 spatium
1465 1351 1566 1398 Ho,
1585 1356 1629 1394 &
1647 1363 1728 1412 pro
1749 1349 2007 1412 quantitate
2031 1345 2179 1394 lateris
2198 1351 2328 1393 vnius

660 1413 830 1476 sedilis,
848 1413 979 1482 quod
997 1412 1170 1480 aequale
1189 1415 1254 1461 est
1272 1413 1577 1482 ortographiae
1594 1419 1665 1462 EF
1677 1418 1716 1461 G
1730 1415 1777 1462 H
1792 1454 1804 1473 ,
1821 1430 1974 1461 totum
1989 1410 2182 1482 spanum
2200 1419 2247 1462 H
2260 1433 2327 1460 om

657 1487 695 1539 i,
711 1483 869 1553 sicque
888 1481 1061 1532 seruata
1079 1486 1380 1551 proportione
1397 1485 1444 1529 in
1460 1481 1740 1552 reliqui331ta
1755 1499 1803 1530 vt
1823 1481 1889 1530 hae
1908 1485 2228 1550 proiecturenin
2244 1483 2331 1530 dia-

658 1556 924 1624 grammatis
963 1552 1184 1599 XXXI.
1215 1561 1259 1601 δε
1295 1553 1454 1598 ΧΧΧ
1471 1553 1533 1599 ΙΙ.
1574 1556 1785 1620 quamuis
1820 1548 2051 1600 deformes
2081 1569 2330 1621 appareant

658 1624 866 1693 spediatae
889 1622 1013 1669 recia
1038 1616 1218 1681 fronte,
1243 1638 1491 1688 appareant
1516 1620 1816 1669 nihilominus
1855 1617 2110 1669 reformatae
2137 1632 2180 1671 δε
2209 1619 2330 1669 bene

659 1686 1219 1762 p1·oportionatae‚scilicet
1237 1707 1345 1738 cum
1366 1687 1562 1759 oblique
1580 1687 1904 1758 spectabuntur
1930 1689 1952 1734 ἐ
1975 1688 2136 1737 debito
2156 1694 2330 1759 puncto

656 1769 724 1823 R,
741 1759 982 1810 altitudine
1001 1757 1366 1827 perpendiculari
1384 1767 1433 1823 Q
1447 1762 1513 1813 R,
1534 1756 1664 1826 super
1680 1762 1902 1826 pun&um
1922 1758 1971 1814 Q
1991 1799 2002 1820 ‚
2026 1758 2220 1807 eleuato.
2241 1762 2333 1827 Ap-

660 1828 841 1902 parebit
859 1845 1015 1876 autem
1033 1823 1216 1876 schema
1235 1830 1280 1874 X
1296 1830 1335 1873 X
1351 1828 1426 1873 XI
1448 1826 1581 1876 huius
1602 1826 1790 1876 Tabulae
1806 1847 1848 1888 23
1862 1824 2007 1876 simile
2031 1825 2208 1895 prorsus
2235 1828 2331 1875 dia-

660 1902 905 1971 grammati
922 1901 1019 1945 XX
1032 1901 1076 1944 X
1097 1894 1261 1945 tabulae
1277 1896 1330 1944 18.
1346 1895 1541 1944 alterum
1558 1914 1667 1945 vero
1691 1894 1827 1944 sedile
1856 1893 2097 1945 schematis
2122 1901 2331 1946 XXXII

663 1967 1008 2019 reclinatorium
1025 1971 1143 2034 gerit
1157 1961 1288 2015 aliter
1305 1975 1351 2014 &
1372 1970 1421 2013 in
1437 1964 1613 2014 diuerso
1632 1964 1717 2014 situ
1738 1962 1950 2033 positum.

728 2043 783 2087 In
797 2052 996 2105 Vtroque
1010 2052 1120 2082 vero
1137 2052 1323 2105 ortogra
1358 2034 1432 2094 h-ieg
1450 2033 1619 2083 lineam
1634 2045 1678 2084 &
1694 2034 1990 2082 altitudinum
2007 2032 2172 2084 scalam
2187 2051 2332 2105 pone-

659 2125 770 2158 nere
787 2123 887 2155 non
909 2101 1041 2155 omisi
1059 2143 1072 2163 ,
1092 2122 1140 2152 vt
1159 2104 1289 2173 quod
1304 2053 1398 2152 sipne
1423 2102 1541 2152 illius
1566 2102 1848 2152 adminiculo
1874 2103 2025 2173 potest
2046 2101 2168 2168 fieri,
2192 2109 2333 2153 etiam

658 2173 736 2227 illa
753 2176 986 2227 mediante
998 2215 1010 2236 ‚
1029 2171 1063 2222 si
1081 2173 1211 2235 velis,
1263 2170 1364 2221 offis
1382 2170 1618 2241 consequi.

773 2246 919 2306 Quod
940 2242 974 2293 si
996 2242 1108 2292 alius
1136 2191 1283 2291 sedilis
1308 2240 1331 2288 ἐ
1358 2237 1513 2291 fronte
1548 2238 1734 2310 spectati
1767 2246 2074 2311 proiecturam
2091 2284 2105 2304 ,
2127 2239 2335 2291 fimiliter·

665 2313 928 2365 deformem
965 2313 1075 2362 velis
1120 2310 1394 2360 adumbrare
1429 2329 1440 2363 3
1473 2324 1660 2380 oportet
1684 2352 1697 2372 ,
1732 2312 1978 2360 constituta
2014 2309 2150 2361 semel
2186 2309 2337 2360 sedilis·

666 2384 985 2456 orrographifi,
1004 2380 1151 2451 qualis
1173 2382 1238 2429 est
1256 2386 1304 2430 in
1320 2381 1411 2429 istis
1440 2383 1626 2430 EFGH
1638 2420 1651 2442 ,
1675 2380 1845 2429 lineam
1874 2380 2213 2431 horizontalem
2235 2398 2334 2428 ma-

660 2474 758 2526 gno
778 2452 1021 2504 interuallo
1045 2449 1072 2499 a
1085 2447 1337 2500 vitrei-basi
1356 2450 1601 2498 distantem
1620 2450 1872 2510 ducere,in
1888 2463 2036 2519 eaque
2060 2455 2180 2500 circa
2200 2448 2336 2498 huius

660 2523 967 2593 ortographiae
995 2519 1202 2570 medium
1222 2560 1234 2580 ‚
1265 2524 1490 2588 punctum
1519 2519 1770 2588 principale
1796 2518 2013 2579 statuere,
2037 2524 2340 2586 vicinumque

673 2591 780 2663 ipsi,
800 2590 941 2660 spatio
963 2611 1002 2641 v.
1023 2609 1066 2660 g.
1087 2588 1210 2649 QR,
1227 2589 1445 2637 distantiae
1473 2591 1698 2656 punctum
1724 2585 1954 2637 collocare
1976 2588 2122 2637 3vnde
2139 2603 2335 2655 operan-

665 2663 727 2710 do
744 2656 1048 2711 conformiter
1068 2659 1127 2707 ad
1145 2676 1197 2706 ea
1215 2676 1315 2727 quae
1335 2657 1528 2705 diximus
1542 2696 1555 2716 ,
1571 2653 1790 2706 deformis
1808 2656 1926 2703 adeo
1954 2662 2213 2724 proiectura
2238 2651 2335 2704 suc-

667 2732 802 2780 cedet
814 2773 827 2792 ,
847 2748 896 2780 vt
912 2728 997 2780 nisi
1013 2726 1036 2775 ἐ
1053 2728 1361 2776 determinato
1379 2729 1554 2795 puncto
1575 2725 1999 2796 comprehendatur
2013 2768 2028 2789 ,
2040 2726 2164 2778 aliud
2182 2727 2336 2775 omni-

666 2817 753 2862 no,
770 2798 830 2850 ab
848 2819 905 2849 eo
930 2797 1062 2871 quod
1077 2796 1352 2858 intenditur,
1372 2790 1635 2866 praeseferat.
