<?xml version="1.0" encoding="UTF-8"?>
<!DOCTYPE html PUBLIC "-//W3C//DTD XHTML 1.0 Transitional//EN"
    "http://www.w3.org/TR/xhtml1/DTD/xhtml1-transitional.dtd">
<html xmlns="http://www.w3.org/1999/xhtml" xml:lang="en" lang="en">
 <head>
  <title>
</title>
<meta http-equiv="Content-Type" content="text/html;charset=utf-8" />
  <meta name='ocr-system' content='tesseract 3.04.00' />
  <meta name='ocr-capabilities' content='ocr_page ocr_carea ocr_par ocr_line ocrx_word'/>
</head>
<body>
  <div class='ocr_page' id='page_1' title='image "./rpioannisfrancis00nice_0212.png"; bbox 0 0 2498 3898; ppageno 0'>
   <div class='ocr_carea' id='block_1_1' title="bbox 614 208 2366 3397">
    <p class='ocr_par' dir='ltr' id='par_1_1' title="bbox 614 208 2000 279">
     <span class='ocr_line' id='line_1_1' title="bbox 614 208 2000 279; baseline -0.009 -13"><span class='ocrx_word' id='word_1_1' title='bbox 614 238 693 279; x_wconf 73' lang='lat'>170</span> <span class='ocrx_word' id='word_1_2' title='bbox 953 212 1607 263; x_wconf 72' lang='lat' dir='ltr'>THAVMATVRcl</span> <span class='ocrx_word' id='word_1_3' title='bbox 1687 208 2000 256; x_wconf 75' lang='lat' dir='ltr'>oPTICi</span> 
     </span>
    </p>

    <p class='ocr_par' dir='ltr' id='par_1_2' title="bbox 620 274 2312 564">
     <span class='ocr_line' id='line_1_2' title="bbox 620 274 2310 347; baseline -0.006 -10"><span class='ocrx_word' id='word_1_4' title='bbox 620 289 755 338; x_wconf 83' lang='lat' dir='ltr'>huius·</span> <span class='ocrx_word' id='word_1_5' title='bbox 791 286 1093 347; x_wconf 55' lang='grc' dir='ltr'>νωθψαιπῖσις·</span> <span class='ocrx_word' id='word_1_6' title='bbox 1113 294 1156 332; x_wconf 61' lang='grc' dir='ltr'>ὃς</span> <span class='ocrx_word' id='word_1_7' title='bbox 1190 281 1385 331; x_wconf 81' lang='lat' dir='ltr'>solidum</span> <span class='ocrx_word' id='word_1_8' title='bbox 1410 276 1592 328; x_wconf 87' lang='lat' dir='ltr'>schema</span> <span class='ocrx_word' id='word_1_9' title='bbox 1610 321 1622 340; x_wconf 84' lang='lat'>,</span> <span class='ocrx_word' id='word_1_10' title='bbox 1661 284 1806 326; x_wconf 86' lang='lat' dir='ltr'>immo</span> <span class='ocrx_word' id='word_1_11' title='bbox 1839 289 1885 327; x_wconf 73' lang='lat' dir='ltr'>&amp;x</span> <span class='ocrx_word' id='word_1_12' title='bbox 1912 274 2060 338; x_wconf 85' lang='lat' dir='ltr'>ipsum</span> <span class='ocrx_word' id='word_1_13' title='bbox 2086 276 2310 327; x_wconf 87' lang='lat' dir='ltr'>artificem</span> 
     </span>
     <span class='ocr_line' id='line_1_3' title="bbox 620 341 2312 421; baseline -0.006 -16"><span class='ocrx_word' id='word_1_14' title='bbox 620 377 673 408; x_wconf 82' lang='lat' dir='ltr'>ex</span> <span class='ocrx_word' id='word_1_15' title='bbox 695 356 827 405; x_wconf 83' lang='lat' dir='ltr'>huius</span> <span class='ocrx_word' id='word_1_16' title='bbox 845 354 1054 404; x_wconf 79' lang='lat' dir='ltr'>methodi</span> <span class='ocrx_word' id='word_1_17' title='bbox 1079 350 1332 421; x_wconf 83' lang='lat' dir='ltr'>praescripto</span> <span class='ocrx_word' id='word_1_18' title='bbox 1361 353 1489 417; x_wconf 86' lang='lat' dir='ltr'>operi</span> <span class='ocrx_word' id='word_1_19' title='bbox 1512 345 1728 396; x_wconf 78' lang='lat' dir='ltr'>faciendo</span> <span class='ocrx_word' id='word_1_20' title='bbox 1757 341 2113 396; x_wconf 73' lang='lat' dir='ltr'><strong>incumbentem</strong></span> <span class='ocrx_word' id='word_1_21' title='bbox 2147 351 2195 394; x_wconf 82' lang='lat' dir='ltr'>in</span> <span class='ocrx_word' id='word_1_22' title='bbox 2219 343 2312 395; x_wconf 85' lang='lat' dir='ltr'>sce-</span> 
     </span>
     <span class='ocr_line' id='line_1_4' title="bbox 620 413 2311 490; baseline -0.008 -15"><span class='ocrx_word' id='word_1_23' title='bbox 620 443 728 474; x_wconf 85' lang='lat' dir='ltr'>nam</span> <span class='ocrx_word' id='word_1_24' title='bbox 750 425 951 483; x_wconf 83' lang='lat' dir='ltr'>adduco,</span> <span class='ocrx_word' id='word_1_25' title='bbox 973 441 1020 471; x_wconf 89' lang='lat' dir='ltr'>tu</span> <span class='ocrx_word' id='word_1_26' title='bbox 1041 419 1235 490; x_wconf 70' lang='lat' dir='ltr'>impigre</span> <span class='ocrx_word' id='word_1_27' title='bbox 1268 417 1477 486; x_wconf 83' lang='lat' dir='ltr'>sequere,</span> <span class='ocrx_word' id='word_1_28' title='bbox 1506 420 1657 486; x_wconf 79' lang='lat' dir='ltr'>Argus</span> <span class='ocrx_word' id='word_1_29' title='bbox 1685 416 1780 464; x_wconf 85' lang='lat' dir='ltr'>esto</span> <span class='ocrx_word' id='word_1_30' title='bbox 1801 456 1814 476; x_wconf 86' lang='lat'>‚</span> <span class='ocrx_word' id='word_1_31' title='bbox 1845 425 1889 464; x_wconf 86' lang='lat'>&amp;</span> <span class='ocrx_word' id='word_1_32' title='bbox 1913 415 1973 463; x_wconf 90' lang='lat' dir='ltr'>ad</span> <span class='ocrx_word' id='word_1_33' title='bbox 2002 413 2180 485; x_wconf 79' lang='lat' dir='ltr'>singula</span> <span class='ocrx_word' id='word_1_34' title='bbox 2209 433 2311 484; x_wconf 81' lang='lat' dir='ltr'>quae</span> 
     </span>
     <span class='ocr_line' id='line_1_5' title="bbox 622 484 1749 564; baseline -0.011 -20"><span class='ocrx_word' id='word_1_35' title='bbox 622 500 751 564; x_wconf 83' lang='lat' dir='ltr'>operi</span> <span class='ocrx_word' id='word_1_36' title='bbox 770 491 1053 562; x_wconf 84' lang='lat' dir='ltr'>perficiendo</span> <span class='ocrx_word' id='word_1_37' title='bbox 1073 487 1265 539; x_wconf 83' lang='lat' dir='ltr'>adhibet</span> <span class='ocrx_word' id='word_1_38' title='bbox 1286 487 1532 557; x_wconf 77' lang='lat' dir='ltr'><strong>diligenter</strong></span> <span class='ocrx_word' id='word_1_39' title='bbox 1549 484 1749 534; x_wconf 82' lang='lat' dir='ltr'>attende.</span> 
     </span>
    </p>

    <p class='ocr_par' dir='ltr' id='par_1_3' title="bbox 618 552 2312 1331">
     <span class='ocr_line' id='line_1_6' title="bbox 689 552 2310 632; baseline -0.004 -20"><span class='ocrx_word' id='word_1_40' title='bbox 689 564 916 632; x_wconf 78' lang='lat' dir='ltr'>Imprimis</span> <span class='ocrx_word' id='word_1_41' title='bbox 939 560 1048 610; x_wconf 72' lang='lat' dir='ltr'>verb</span> <span class='ocrx_word' id='word_1_42' title='bbox 1076 570 1120 609; x_wconf 86' lang='lat'>&amp;</span> <span class='ocrx_word' id='word_1_43' title='bbox 1153 576 1260 607; x_wconf 85' lang='lat' dir='ltr'>ante</span> <span class='ocrx_word' id='word_1_44' title='bbox 1299 561 1458 604; x_wconf 84' lang='lat' dir='ltr'>omnia</span> <span class='ocrx_word' id='word_1_45' title='bbox 1492 552 1634 603; x_wconf 71' lang='lat' dir='ltr'>ambo</span> <span class='ocrx_word' id='word_1_46' title='bbox 1668 553 2000 624; x_wconf 69' lang='lat' dir='ltr'>diagrammata</span> <span class='ocrx_word' id='word_1_47' title='bbox 2022 557 2232 617; x_wconf 86' lang='lat' dir='ltr'>LXVI,</span> <span class='ocrx_word' id='word_1_48' title='bbox 2266 565 2310 605; x_wconf 72' lang='grc' dir='ltr'>δε</span> 
     </span>
     <span class='ocr_line' id='line_1_7' title="bbox 618 620 2308 696; baseline -0.005 -14"><span class='ocrx_word' id='word_1_49' title='bbox 618 635 842 691; x_wconf 84' lang='lat' dir='ltr'>LXVII,</span> <span class='ocrx_word' id='word_1_50' title='bbox 896 648 960 678; x_wconf 84' lang='lat' dir='ltr'>uae</span> <span class='ocrx_word' id='word_1_51' title='bbox 977 635 1107 678; x_wconf 82' lang='lat' dir='ltr'>vnius</span> <span class='ocrx_word' id='word_1_52' title='bbox 1132 631 1333 696; x_wconf 84' lang='lat' dir='ltr'>porticus</span> <span class='ocrx_word' id='word_1_53' title='bbox 1352 624 1570 694; x_wconf 79' lang='lat' dir='ltr'>oblongae</span> <span class='ocrx_word' id='word_1_54' title='bbox 1599 623 1671 672; x_wconf 74' lang='lat' dir='ltr'>vel</span> <span class='ocrx_word' id='word_1_55' title='bbox 1697 620 1985 673; x_wconf 86' lang='lat' dir='ltr'>ambulachri</span> <span class='ocrx_word' id='word_1_56' title='bbox 2010 622 2308 693; x_wconf 70' lang='lat' dir='ltr'>prospecstum</span> 
     </span>
     <span class='ocr_line' id='line_1_8' title="bbox 620 647 2310 767; baseline -0.003 -18"><span class='ocrx_word' id='word_1_57' title='bbox 620 697 753 749; x_wconf 77' lang='lat' dir='ltr'>simul</span> <span class='ocrx_word' id='word_1_58' title='bbox 773 647 1014 760; x_wconf 49' lang='lat' dir='ltr'>exhibent,</span> <span class='ocrx_word' id='word_1_59' title='bbox 1033 694 1176 767; x_wconf 85' lang='lat' dir='ltr'>reipsa</span> <span class='ocrx_word' id='word_1_60' title='bbox 1192 694 1264 744; x_wconf 82' lang='lat' dir='ltr'>vel</span> <span class='ocrx_word' id='word_1_61' title='bbox 1284 695 1518 743; x_wconf 77' lang='lat' dir='ltr'>dumtaxat</span> <span class='ocrx_word' id='word_1_62' title='bbox 1537 697 1871 762; x_wconf 74' lang='lat' dir='ltr'>imaginatione</span> <span class='ocrx_word' id='word_1_63' title='bbox 1892 698 1956 743; x_wconf 81' lang='lat' dir='ltr'>ita</span> <span class='ocrx_word' id='word_1_64' title='bbox 1983 698 2220 764; x_wconf 86' lang='lat' dir='ltr'>coniunge</span> <span class='ocrx_word' id='word_1_65' title='bbox 2232 736 2244 757; x_wconf 84' lang='lat'>,</span> <span class='ocrx_word' id='word_1_66' title='bbox 2263 713 2310 744; x_wconf 83' lang='lat' dir='ltr'>vt</span> 
     </span>
     <span class='ocr_line' id='line_1_9' title="bbox 620 759 2310 840; baseline -0.004 -21"><span class='ocrx_word' id='word_1_67' title='bbox 620 784 909 840; x_wconf 83' lang='lat' dir='ltr'>congruente</span> <span class='ocrx_word' id='word_1_68' title='bbox 933 764 1053 817; x_wconf 91' lang='lat' dir='ltr'>linea</span> <span class='ocrx_word' id='word_1_69' title='bbox 1068 771 1122 816; x_wconf 91' lang='lat' dir='ltr'>M</span> <span class='ocrx_word' id='word_1_70' title='bbox 1137 771 1207 827; x_wconf 89' lang='lat' dir='ltr'>N,</span> <span class='ocrx_word' id='word_1_71' title='bbox 1224 762 1464 812; x_wconf 77' lang='lat' dir='ltr'>schematis</span> <span class='ocrx_word' id='word_1_72' title='bbox 1492 765 1692 815; x_wconf 87' lang='lat' dir='ltr'>LXVI,</span> <span class='ocrx_word' id='word_1_73' title='bbox 1713 759 1841 810; x_wconf 82' lang='lat' dir='ltr'>lineae</span> <span class='ocrx_word' id='word_1_74' title='bbox 1868 767 1982 824; x_wconf 87' lang='grc' dir='ltr'>ΟΡ,</span> <span class='ocrx_word' id='word_1_75' title='bbox 2004 764 2310 832; x_wconf 77' lang='lat' dir='ltr'>diagramma-</span> 
     </span>
     <span class='ocr_line' id='line_1_10' title="bbox 621 827 2310 901; baseline -0.004 -13"><span class='ocrx_word' id='word_1_76' title='bbox 621 843 678 888; x_wconf 90' lang='lat' dir='ltr'>tis</span> <span class='ocrx_word' id='word_1_77' title='bbox 697 842 921 899; x_wconf 83' lang='lat' dir='ltr'>LXVII,</span> <span class='ocrx_word' id='word_1_78' title='bbox 936 836 1061 886; x_wconf 88' lang='lat' dir='ltr'>velut</span> <span class='ocrx_word' id='word_1_79' title='bbox 1074 840 1261 886; x_wconf 88' lang='lat' dir='ltr'>vnicum</span> <span class='ocrx_word' id='word_1_80' title='bbox 1279 837 1418 882; x_wconf 88' lang='lat' dir='ltr'>totius</span> <span class='ocrx_word' id='word_1_81' title='bbox 1437 836 1605 901; x_wconf 83' lang='lat' dir='ltr'>integri</span> <span class='ocrx_word' id='word_1_82' title='bbox 1622 827 1886 900; x_wconf 62' lang='lat' dir='ltr'>prospectus</span> <span class='ocrx_word' id='word_1_83' title='bbox 1912 829 2186 882; x_wconf 87' lang='lat' dir='ltr'>iconismum</span> <span class='ocrx_word' id='word_1_84' title='bbox 2214 832 2310 882; x_wconf 76' lang='lat' dir='ltr'>eff-</span> 
     </span>
     <span class='ocr_line' id='line_1_11' title="bbox 620 896 2310 977; baseline -0.004 -20"><span class='ocrx_word' id='word_1_85' title='bbox 620 912 745 959; x_wconf 88' lang='lat' dir='ltr'>ciant</span> <span class='ocrx_word' id='word_1_86' title='bbox 769 935 781 968; x_wconf 79' lang='lat'><em>3</em></span> <span class='ocrx_word' id='word_1_87' title='bbox 804 925 947 977; x_wconf 89' lang='lat' dir='ltr'>quem</span> <span class='ocrx_word' id='word_1_88' title='bbox 962 925 1047 955; x_wconf 87' lang='lat' dir='ltr'>nos</span> <span class='ocrx_word' id='word_1_89' title='bbox 1075 904 1267 976; x_wconf 89' lang='lat' dir='ltr'>quidem</span> <span class='ocrx_word' id='word_1_90' title='bbox 1292 900 1352 952; x_wconf 81' lang='lat' dir='ltr'>sic</span> <span class='ocrx_word' id='word_1_91' title='bbox 1379 897 1612 950; x_wconf 81' lang='lat' dir='ltr'>diuisimus</span> <span class='ocrx_word' id='word_1_92' title='bbox 1628 941 1640 961; x_wconf 90' lang='lat'>,</span> <span class='ocrx_word' id='word_1_93' title='bbox 1662 916 1709 947; x_wconf 89' lang='lat' dir='ltr'>vt</span> <span class='ocrx_word' id='word_1_94' title='bbox 1734 896 1905 949; x_wconf 86' lang='lat' dir='ltr'>seruata</span> <span class='ocrx_word' id='word_1_95' title='bbox 1938 919 2201 950; x_wconf 84' lang='lat' dir='ltr'>caeterarum</span> <span class='ocrx_word' id='word_1_96' title='bbox 2226 902 2310 952; x_wconf 86' lang='lat' dir='ltr'>hu-</span> 
     </span>
     <span class='ocr_line' id='line_1_12' title="bbox 622 968 2309 1047; baseline -0.004 -21"><span class='ocrx_word' id='word_1_97' title='bbox 622 982 690 1026; x_wconf 88' lang='lat' dir='ltr'>ius</span> <span class='ocrx_word' id='word_1_98' title='bbox 711 981 862 1047; x_wconf 86' lang='lat' dir='ltr'>operis</span> <span class='ocrx_word' id='word_1_99' title='bbox 877 974 1165 1025; x_wconf 80' lang='lat' dir='ltr'>Tabularum</span> <span class='ocrx_word' id='word_1_100' title='bbox 1191 976 1449 1043; x_wconf 88' lang='lat' dir='ltr'>quantitate</span> <span class='ocrx_word' id='word_1_101' title='bbox 1470 980 1515 1020; x_wconf 74' lang='grc' dir='ltr'>δε</span> <span class='ocrx_word' id='word_1_102' title='bbox 1542 972 1845 1038; x_wconf 84' lang='lat' dir='ltr'>proportione</span> <span class='ocrx_word' id='word_1_103' title='bbox 1863 1011 1876 1031; x_wconf 88' lang='lat'>‚</span> <span class='ocrx_word' id='word_1_104' title='bbox 1903 969 2104 1019; x_wconf 86' lang='lat' dir='ltr'>liberum</span> <span class='ocrx_word' id='word_1_105' title='bbox 2126 968 2180 1020; x_wconf 85' lang='lat' dir='ltr'>sit</span> <span class='ocrx_word' id='word_1_106' title='bbox 2209 978 2309 1021; x_wconf 84' lang='lat' dir='ltr'>vni-</span> 
     </span>
     <span class='ocr_line' id='line_1_13' title="bbox 622 1035 2312 1115; baseline -0.004 -20"><span class='ocrx_word' id='word_1_107' title='bbox 622 1050 794 1115; x_wconf 88' lang='lat' dir='ltr'>cuique</span> <span class='ocrx_word' id='word_1_108' title='bbox 817 1044 890 1093; x_wconf 83' lang='lat' dir='ltr'>vel</span> <span class='ocrx_word' id='word_1_109' title='bbox 913 1045 1023 1093; x_wconf 87' lang='lat' dir='ltr'>duas</span> <span class='ocrx_word' id='word_1_110' title='bbox 1050 1043 1167 1092; x_wconf 90' lang='lat' dir='ltr'>illius</span> <span class='ocrx_word' id='word_1_111' title='bbox 1187 1059 1336 1112; x_wconf 86' lang='lat' dir='ltr'>partes</span> <span class='ocrx_word' id='word_1_112' title='bbox 1370 1038 1547 1111; x_wconf 84' lang='lat' dir='ltr'>glutine</span> <span class='ocrx_word' id='word_1_113' title='bbox 1576 1035 1708 1087; x_wconf 84' lang='lat' dir='ltr'>simul</span> <span class='ocrx_word' id='word_1_114' title='bbox 1738 1042 1928 1107; x_wconf 85' lang='lat' dir='ltr'>iungere</span> <span class='ocrx_word' id='word_1_115' title='bbox 1948 1045 2011 1089; x_wconf 87' lang='lat' dir='ltr'>ita</span> <span class='ocrx_word' id='word_1_116' title='bbox 2025 1058 2073 1089; x_wconf 89' lang='lat' dir='ltr'>vt</span> <span class='ocrx_word' id='word_1_117' title='bbox 2093 1044 2142 1088; x_wconf 90' lang='lat' dir='ltr'>in</span> <span class='ocrx_word' id='word_1_118' title='bbox 2167 1060 2312 1089; x_wconf 87' lang='lat' dir='ltr'>vnum</span> 
     </span>
     <span class='ocr_line' id='line_1_14' title="bbox 622 1105 2311 1184; baseline -0.004 -20"><span class='ocrx_word' id='word_1_119' title='bbox 622 1116 907 1184; x_wconf 84' lang='lat' dir='ltr'>diagramma</span> <span class='ocrx_word' id='word_1_120' title='bbox 923 1109 1284 1175; x_wconf 83' lang='lat' dir='ltr'>coalescant,vel</span> <span class='ocrx_word' id='word_1_121' title='bbox 1304 1115 1444 1159; x_wconf 87' lang='lat' dir='ltr'>etiam</span> <span class='ocrx_word' id='word_1_122' title='bbox 1459 1122 1708 1178; x_wconf 76' lang='lat' dir='ltr'>Vtrumque</span> <span class='ocrx_word' id='word_1_123' title='bbox 1727 1105 1788 1158; x_wconf 78' lang='lat' dir='ltr'>sic</span> <span class='ocrx_word' id='word_1_124' title='bbox 1806 1106 2085 1178; x_wconf 87' lang='lat' dir='ltr'>descriptum</span> <span class='ocrx_word' id='word_1_125' title='bbox 2106 1125 2311 1159; x_wconf 86' lang='lat' dir='ltr'>contem-</span> 
     </span>
     <span class='ocr_line' id='line_1_15' title="bbox 623 1175 2310 1254; baseline -0.003 -22"><span class='ocrx_word' id='word_1_126' title='bbox 623 1184 737 1254; x_wconf 80' lang='lat' dir='ltr'>plari</span> <span class='ocrx_word' id='word_1_127' title='bbox 763 1201 811 1232; x_wconf 83' lang='lat' dir='ltr'>Vt</span> <span class='ocrx_word' id='word_1_128' title='bbox 844 1187 1079 1253; x_wconf 84' lang='lat' dir='ltr'>integrum</span> <span class='ocrx_word' id='word_1_129' title='bbox 1120 1177 1409 1231; x_wconf 87' lang='lat' dir='ltr'>ambulachri</span> <span class='ocrx_word' id='word_1_130' title='bbox 1450 1176 1771 1249; x_wconf 66' lang='lat' dir='ltr'>prospectum,</span> <span class='ocrx_word' id='word_1_131' title='bbox 1798 1179 1929 1248; x_wconf 87' lang='lat' dir='ltr'>quod</span> <span class='ocrx_word' id='word_1_132' title='bbox 1959 1175 2062 1228; x_wconf 67' lang='lat' dir='ltr'>sane</span> <span class='ocrx_word' id='word_1_133' title='bbox 2085 1179 2144 1227; x_wconf 86' lang='lat' dir='ltr'>ad</span> <span class='ocrx_word' id='word_1_134' title='bbox 2175 1178 2310 1228; x_wconf 87' lang='lat' dir='ltr'>huius</span> 
     </span>
     <span class='ocr_line' id='line_1_16' title="bbox 625 1245 2244 1331; baseline -0.005 -28"><span class='ocrx_word' id='word_1_135' title='bbox 625 1252 925 1331; x_wconf 84' lang='lat' dir='ltr'>problemat-is</span> <span class='ocrx_word' id='word_1_136' title='bbox 943 1252 1355 1322; x_wconf 80' lang='lat' dir='ltr'>intelligentiam&amp;</span> <span class='ocrx_word' id='word_1_137' title='bbox 1389 1254 1563 1318; x_wconf 81' lang='lat' dir='ltr'>praxim</span> <span class='ocrx_word' id='word_1_138' title='bbox 1585 1245 1803 1297; x_wconf 79' lang='lat' dir='ltr'>sufficiet:</span> <span class='ocrx_word' id='word_1_139' title='bbox 1825 1247 1894 1297; x_wconf 86' lang='lat' dir='ltr'>his</span> <span class='ocrx_word' id='word_1_140' title='bbox 1912 1253 2054 1318; x_wconf 89' lang='lat' dir='ltr'>igitur</span> <span class='ocrx_word' id='word_1_141' title='bbox 2104 1247 2244 1298; x_wconf 79' lang='lat' dir='ltr'>ositis.</span> 
     </span>
    </p>

    <p class='ocr_par' dir='ltr' id='par_1_4' title="bbox 623 1267 2366 1806">
     <span class='ocr_line' id='line_1_17' title="bbox 699 1267 2313 1385; baseline -0.004 -13"><span class='ocrx_word' id='word_1_142' title='bbox 699 1320 953 1372; x_wconf 81' lang='lat' dir='ltr'>Considera</span> <span class='ocrx_word' id='word_1_143' title='bbox 972 1326 1021 1369; x_wconf 91' lang='lat' dir='ltr'>in</span> <span class='ocrx_word' id='word_1_144' title='bbox 1041 1318 1342 1370; x_wconf 85' lang='lat' dir='ltr'>ambulachro</span> <span class='ocrx_word' id='word_1_145' title='bbox 1366 1322 1550 1381; x_wconf 79' lang='lat' dir='ltr'>QTS</span> <span class='ocrx_word' id='word_1_146' title='bbox 1570 1357 1583 1378; x_wconf 92' lang='lat'><strong><em>,</em></strong></span> <span class='ocrx_word' id='word_1_147' title='bbox 1614 1322 1934 1385; x_wconf 84' lang='lat' dir='ltr'>pauimentum</span> <span class='ocrx_word' id='word_1_148' title='bbox 1964 1316 2050 1366; x_wconf 83' lang='lat' dir='ltr'>esse</span> <span class='ocrx_word' id='word_1_149' title='bbox 2071 1267 2313 1366; x_wconf 52' lang='lat' dir='ltr'>lsiorizonti</span> 
     </span>
     <span class='ocr_line' id='line_1_18' title="bbox 625 1385 2314 1461; baseline -0.004 -21"><span class='ocrx_word' id='word_1_150' title='bbox 625 1390 893 1461; x_wconf 85' lang='lat' dir='ltr'>parallelum</span> <span class='ocrx_word' id='word_1_151' title='bbox 913 1390 1111 1442; x_wconf 85' lang='lat' dir='ltr'>RYZT</span> <span class='ocrx_word' id='word_1_152' title='bbox 1131 1432 1145 1451; x_wconf 89' lang='lat'><em>,</em></span> <span class='ocrx_word' id='word_1_153' title='bbox 1168 1389 1353 1437; x_wconf 85' lang='lat' dir='ltr'>lacunar</span> <span class='ocrx_word' id='word_1_154' title='bbox 1379 1386 1577 1456; x_wconf 85' lang='lat' dir='ltr'>superius</span> <span class='ocrx_word' id='word_1_155' title='bbox 1603 1404 1655 1434; x_wconf 88' lang='lat' dir='ltr'>ex</span> <span class='ocrx_word' id='word_1_156' title='bbox 1676 1402 1817 1455; x_wconf 89' lang='lat' dir='ltr'>opere</span> <span class='ocrx_word' id='word_1_157' title='bbox 1839 1385 2057 1435; x_wconf 83' lang='lat' dir='ltr'>intestino</span> <span class='ocrx_word' id='word_1_158' title='bbox 2080 1385 2314 1436; x_wconf 89' lang='lat' dir='ltr'>horizonti</span> 
     </span>
     <span class='ocr_line' id='line_1_19' title="bbox 623 1453 2366 1529; baseline -0.003 -19"><span class='ocrx_word' id='word_1_159' title='bbox 623 1459 827 1510; x_wconf 70' lang='lat' dir='ltr'>similiter</span> <span class='ocrx_word' id='word_1_160' title='bbox 845 1456 1092 1529; x_wconf 83' lang='lat' dir='ltr'>expansum</span> <span class='ocrx_word' id='word_1_161' title='bbox 1110 1458 1326 1523; x_wconf 58' lang='lat' dir='ltr'><em>QUIS,</em></span> <span class='ocrx_word' id='word_1_162' title='bbox 1345 1472 1500 1504; x_wconf 85' lang='lat' dir='ltr'>muros</span> <span class='ocrx_word' id='word_1_163' title='bbox 1528 1454 1638 1504; x_wconf 87' lang='lat' dir='ltr'>hinc</span> <span class='ocrx_word' id='word_1_164' title='bbox 1669 1456 1778 1504; x_wconf 86' lang='lat' dir='ltr'>inde</span> <span class='ocrx_word' id='word_1_165' title='bbox 1804 1453 2037 1504; x_wconf 86' lang='lat' dir='ltr'>horizonti</span> <span class='ocrx_word' id='word_1_166' title='bbox 2069 1460 2244 1505; x_wconf 64' lang='lat' dir='ltr'>erectos</span> <span class='ocrx_word' id='word_1_167' title='bbox 2265 1456 2366 1521; x_wconf 63' lang='lat' dir='ltr'>Q</span> 
     </span>
     <span class='ocr_line' id='line_1_20' title="bbox 626 1524 2312 1599; baseline -0.004 -21"><span class='ocrx_word' id='word_1_168' title='bbox 626 1531 800 1590; x_wconf 87' lang='lat' dir='ltr'>XYR,</span> <span class='ocrx_word' id='word_1_169' title='bbox 817 1533 943 1581; x_wconf 89' lang='lat' dir='ltr'>SVZ</span> <span class='ocrx_word' id='word_1_170' title='bbox 956 1532 1026 1583; x_wconf 86' lang='lat' dir='ltr'>T,</span> <span class='ocrx_word' id='word_1_171' title='bbox 1040 1532 1122 1599; x_wconf 84' lang='lat' dir='ltr'>qui</span> <span class='ocrx_word' id='word_1_172' title='bbox 1142 1524 1313 1577; x_wconf 86' lang='lat' dir='ltr'>faciant</span> <span class='ocrx_word' id='word_1_173' title='bbox 1333 1531 1482 1576; x_wconf 63' lang='lat' dir='ltr'>rectos</span> <span class='ocrx_word' id='word_1_174' title='bbox 1501 1524 1697 1594; x_wconf 80' lang='lat' dir='ltr'>angulos</span> <span class='ocrx_word' id='word_1_175' title='bbox 1717 1541 1825 1574; x_wconf 88' lang='lat' dir='ltr'>cum</span> <span class='ocrx_word' id='word_1_176' title='bbox 1841 1529 2013 1593; x_wconf 83' lang='lat' dir='ltr'>pariete</span> <span class='ocrx_word' id='word_1_177' title='bbox 2031 1528 2127 1575; x_wconf 89' lang='lat' dir='ltr'>VX</span> <span class='ocrx_word' id='word_1_178' title='bbox 2141 1529 2232 1575; x_wconf 90' lang='lat' dir='ltr'>YZ</span> <span class='ocrx_word' id='word_1_179' title='bbox 2259 1543 2312 1573; x_wconf 78' lang='lat' dir='ltr'>ex</span> 
     </span>
     <span class='ocr_line' id='line_1_21' title="bbox 623 1592 2313 1666; baseline -0.004 -18"><span class='ocrx_word' id='word_1_180' title='bbox 623 1595 813 1648; x_wconf 83' lang='lat' dir='ltr'>aduerso</span> <span class='ocrx_word' id='word_1_181' title='bbox 829 1595 1081 1666; x_wconf 89' lang='lat' dir='ltr'>conspicuo</span> <span class='ocrx_word' id='word_1_182' title='bbox 1102 1607 1146 1646; x_wconf 82' lang='lat'>&amp;</span> <span class='ocrx_word' id='word_1_183' title='bbox 1170 1595 1358 1646; x_wconf 60' lang='lat' dir='ltr'>sectioni</span> <span class='ocrx_word' id='word_1_184' title='bbox 1383 1599 1432 1644; x_wconf 90' lang='lat' dir='ltr'>in</span> <span class='ocrx_word' id='word_1_185' title='bbox 1453 1594 1587 1643; x_wconf 85' lang='lat' dir='ltr'>huius</span> <span class='ocrx_word' id='word_1_186' title='bbox 1604 1592 1796 1643; x_wconf 80' lang='lat' dir='ltr'>Tabulae</span> <span class='ocrx_word' id='word_1_187' title='bbox 1824 1592 2137 1643; x_wconf 82' lang='lat' dir='ltr'>delineatione</span> <span class='ocrx_word' id='word_1_188' title='bbox 2166 1593 2313 1663; x_wconf 86' lang='lat' dir='ltr'>paral--</span> 
     </span>
     <span class='ocr_line' id='line_1_22' title="bbox 625 1658 2309 1734; baseline -0.002 -18"><span class='ocrx_word' id='word_1_189' title='bbox 625 1667 743 1729; x_wconf 82' lang='lat' dir='ltr'>lelo,</span> <span class='ocrx_word' id='word_1_190' title='bbox 763 1676 807 1715; x_wconf 86' lang='lat'>&amp;</span> <span class='ocrx_word' id='word_1_191' title='bbox 869 1667 1027 1717; x_wconf 88' lang='lat' dir='ltr'>uidem</span> <span class='ocrx_word' id='word_1_192' title='bbox 1055 1666 1185 1716; x_wconf 89' lang='lat' dir='ltr'>illum</span> <span class='ocrx_word' id='word_1_193' title='bbox 1212 1665 1440 1714; x_wconf 89' lang='lat' dir='ltr'>voluimus</span> <span class='ocrx_word' id='word_1_194' title='bbox 1475 1668 1538 1714; x_wconf 86' lang='lat' dir='ltr'>ita</span> <span class='ocrx_word' id='word_1_195' title='bbox 1567 1658 1773 1712; x_wconf 80' lang='lat' dir='ltr'>exhiberi</span> <span class='ocrx_word' id='word_1_196' title='bbox 1797 1680 1844 1712; x_wconf 80' lang='lat' dir='ltr'>Vt</span> <span class='ocrx_word' id='word_1_197' title='bbox 1879 1661 2090 1712; x_wconf 72' lang='lat' dir='ltr'>sconismi</span> <span class='ocrx_word' id='word_1_198' title='bbox 2123 1663 2309 1734; x_wconf 79' lang='lat' dir='ltr'>elegan-</span> 
     </span>
     <span class='ocr_line' id='line_1_23' title="bbox 624 1731 2168 1806; baseline -0.003 -20"><span class='ocrx_word' id='word_1_199' title='bbox 624 1741 714 1786; x_wconf 82' lang='lat' dir='ltr'>tior</span> <span class='ocrx_word' id='word_1_200' title='bbox 728 1734 831 1806; x_wconf 82' lang='lat' dir='ltr'>aspe</span> <span class='ocrx_word' id='word_1_201' title='bbox 883 1752 934 1786; x_wconf 88' lang='lat' dir='ltr'>us</span> <span class='ocrx_word' id='word_1_202' title='bbox 953 1735 997 1784; x_wconf 67' lang='grc' dir='ltr'>δι’</span> <span class='ocrx_word' id='word_1_203' title='bbox 1018 1733 1343 1806; x_wconf 82' lang='lat' dir='ltr'>propositionis</span> <span class='ocrx_word' id='word_1_204' title='bbox 1364 1734 1544 1803; x_wconf 85' lang='lat' dir='ltr'>planior</span> <span class='ocrx_word' id='word_1_205' title='bbox 1563 1731 1872 1802; x_wconf 84' lang='lat' dir='ltr'>intelligentia</span> <span class='ocrx_word' id='word_1_206' title='bbox 1888 1738 2168 1802; x_wconf 82' lang='lat' dir='ltr'>proueniret.</span> 
     </span>
    </p>

    <p class='ocr_par' dir='ltr' id='par_1_5' title="bbox 621 1800 2315 3190">
     <span class='ocr_line' id='line_1_24' title="bbox 728 1800 2312 1874; baseline -0.004 -18"><span class='ocrx_word' id='word_1_207' title='bbox 728 1810 824 1856; x_wconf 82' lang='lat' dir='ltr'>Iam</span> <span class='ocrx_word' id='word_1_208' title='bbox 846 1819 956 1855; x_wconf 82' lang='lat' dir='ltr'>vero</span> <span class='ocrx_word' id='word_1_209' title='bbox 981 1800 1016 1854; x_wconf 79' lang='lat' dir='ltr'>si</span> <span class='ocrx_word' id='word_1_210' title='bbox 1044 1824 1097 1854; x_wconf 81' lang='lat' dir='ltr'>ex</span> <span class='ocrx_word' id='word_1_211' title='bbox 1124 1803 1347 1874; x_wconf 78' lang='lat' dir='ltr'>assignato</span> <span class='ocrx_word' id='word_1_212' title='bbox 1381 1806 1556 1872; x_wconf 73' lang='lat' dir='ltr'>punCto</span> <span class='ocrx_word' id='word_1_213' title='bbox 1583 1805 1624 1851; x_wconf 90' lang='lat' dir='ltr'><strong>A</strong></span> <span class='ocrx_word' id='word_1_214' title='bbox 1643 1842 1656 1863; x_wconf 86' lang='lat'>,</span> <span class='ocrx_word' id='word_1_215' title='bbox 1681 1803 1760 1852; x_wconf 87' lang='lat' dir='ltr'>vbi</span> <span class='ocrx_word' id='word_1_216' title='bbox 1784 1800 1932 1872; x_wconf 83' lang='lat' dir='ltr'>figura</span> <span class='ocrx_word' id='word_1_217' title='bbox 1963 1810 2006 1853; x_wconf 83' lang='lat' dir='ltr'><strong>A</strong></span> <span class='ocrx_word' id='word_1_218' title='bbox 2033 1809 2079 1854; x_wconf 87' lang='lat' dir='ltr'>R</span> <span class='ocrx_word' id='word_1_219' title='bbox 2103 1840 2117 1864; x_wconf 89' lang='lat'><strong>,</strong></span> <span class='ocrx_word' id='word_1_220' title='bbox 2143 1802 2312 1852; x_wconf 51' lang='lat' dir='ltr'>constia</span> 
     </span>
     <span class='ocr_line' id='line_1_25' title="bbox 624 1868 2313 1941; baseline -0.004 -15"><span class='ocrx_word' id='word_1_221' title='bbox 624 1886 777 1927; x_wconf 75' lang='lat' dir='ltr'>tutum</span> <span class='ocrx_word' id='word_1_222' title='bbox 807 1873 950 1925; x_wconf 80' lang='lat' dir='ltr'>habet</span> <span class='ocrx_word' id='word_1_223' title='bbox 987 1873 1206 1935; x_wconf 88' lang='lat' dir='ltr'>oculum,</span> <span class='ocrx_word' id='word_1_224' title='bbox 1226 1871 1397 1921; x_wconf 83' lang='lat' dir='ltr'>debeat</span> <span class='ocrx_word' id='word_1_225' title='bbox 1429 1868 1588 1920; x_wconf 77' lang='lat' dir='ltr'>artifex</span> <span class='ocrx_word' id='word_1_226' title='bbox 1631 1870 1828 1941; x_wconf 78' lang='lat' dir='ltr'>figuram</span> <span class='ocrx_word' id='word_1_227' title='bbox 1845 1871 2002 1921; x_wconf 83' lang='lat' dir='ltr'>datam</span> <span class='ocrx_word' id='word_1_228' title='bbox 2024 1887 2064 1921; x_wconf 78' lang='lat' dir='ltr'>v.</span> <span class='ocrx_word' id='word_1_229' title='bbox 2091 1887 2135 1941; x_wconf 83' lang='lat' dir='ltr'>g.</span> <span class='ocrx_word' id='word_1_230' title='bbox 2169 1886 2313 1941; x_wconf 77' lang='lat' dir='ltr'>quam</span> 
     </span>
     <span class='ocr_line' id='line_1_26' title="bbox 621 1938 2312 2013; baseline -0.004 -18"><span class='ocrx_word' id='word_1_231' title='bbox 621 1947 748 1995; x_wconf 85' lang='lat' dir='ltr'>vides</span> <span class='ocrx_word' id='word_1_232' title='bbox 778 1941 1030 2013; x_wconf 74' lang='lat' dir='ltr'>expositam</span> <span class='ocrx_word' id='word_1_233' title='bbox 1057 1948 1105 1992; x_wconf 88' lang='lat' dir='ltr'>in</span> <span class='ocrx_word' id='word_1_234' title='bbox 1134 1949 1168 1993; x_wconf 91' lang='lat' dir='ltr'>B</span> <span class='ocrx_word' id='word_1_235' title='bbox 1187 1949 1228 1992; x_wconf 88' lang='lat' dir='ltr'>C</span> <span class='ocrx_word' id='word_1_236' title='bbox 1247 1948 1291 1991; x_wconf 91' lang='lat' dir='ltr'>D</span> <span class='ocrx_word' id='word_1_237' title='bbox 1315 1947 1350 1990; x_wconf 89' lang='lat' dir='ltr'>E</span> <span class='ocrx_word' id='word_1_238' title='bbox 1371 1975 1385 2004; x_wconf 68' lang='lat'>5</span> <span class='ocrx_word' id='word_1_239' title='bbox 1411 1954 1463 1990; x_wconf 80' lang='lat' dir='ltr'>ex</span> <span class='ocrx_word' id='word_1_240' title='bbox 1489 1939 1673 2011; x_wconf 81' lang='lat' dir='ltr'>obliqui</span> <span class='ocrx_word' id='word_1_241' title='bbox 1695 1938 1900 2010; x_wconf 60' lang='lat' dir='ltr'>aspectus</span> <span class='ocrx_word' id='word_1_242' title='bbox 1934 1940 1976 1990; x_wconf 83' lang='lat' dir='ltr'>le</span> <span class='ocrx_word' id='word_1_243' title='bbox 2006 1940 2115 1990; x_wconf 73' lang='lat' dir='ltr'>&#39;ibus</span> <span class='ocrx_word' id='word_1_244' title='bbox 2151 1945 2200 1989; x_wconf 84' lang='lat' dir='ltr'>in</span> <span class='ocrx_word' id='word_1_245' title='bbox 2232 1956 2312 2011; x_wconf 83' lang='lat' dir='ltr'>pa-</span> 
     </span>
     <span class='ocr_line' id='line_1_27' title="bbox 627 1956 2314 2080; baseline -0.003 -17"><span class='ocrx_word' id='word_1_246' title='bbox 627 2019 790 2063; x_wconf 89' lang='lat' dir='ltr'>rietem</span> <span class='ocrx_word' id='word_1_247' title='bbox 815 2019 918 2065; x_wconf 93' lang='lat' dir='ltr'>VX</span> <span class='ocrx_word' id='word_1_248' title='bbox 936 2019 979 2065; x_wconf 95' lang='lat' dir='ltr'>Y</span> <span class='ocrx_word' id='word_1_249' title='bbox 996 2017 1035 2065; x_wconf 96' lang='lat' dir='ltr'><strong>Z</strong></span> <span class='ocrx_word' id='word_1_250' title='bbox 1052 2054 1066 2075; x_wconf 88' lang='lat'>,</span> <span class='ocrx_word' id='word_1_251' title='bbox 1093 2010 1390 2062; x_wconf 84' lang='lat' dir='ltr'>transcribere</span> <span class='ocrx_word' id='word_1_252' title='bbox 1412 2052 1425 2072; x_wconf 83' lang='lat'>‚</span> <span class='ocrx_word' id='word_1_253' title='bbox 1452 2007 1604 2079; x_wconf 81' lang='lat' dir='ltr'>posito</span> <span class='ocrx_word' id='word_1_254' title='bbox 1637 2011 1767 2078; x_wconf 90' lang='lat' dir='ltr'>quod</span> <span class='ocrx_word' id='word_1_255' title='bbox 1797 2008 1851 2059; x_wconf 80' lang='lat' dir='ltr'>fit</span> <span class='ocrx_word' id='word_1_256' title='bbox 1889 1956 2096 2077; x_wconf 57' lang='lat' dir='ltr'>persgecfi’tex</span> <span class='ocrx_word' id='word_1_257' title='bbox 2132 2008 2314 2080; x_wconf 79' lang='lat' dir='ltr'>planus,</span> 
     </span>
     <span class='ocr_line' id='line_1_28' title="bbox 623 2077 2312 2153; baseline -0.002 -21"><span class='ocrx_word' id='word_1_258' title='bbox 623 2080 747 2132; x_wconf 63' lang='lat' dir='ltr'>bene}</span> <span class='ocrx_word' id='word_1_259' title='bbox 759 2092 802 2131; x_wconf 73' lang='grc' dir='ltr'>δε</span> <span class='ocrx_word' id='word_1_260' title='bbox 820 2080 1027 2153; x_wconf 77' lang='lat' dir='ltr'>apposite</span> <span class='ocrx_word' id='word_1_261' title='bbox 1050 2082 1157 2132; x_wconf 85' lang='lat' dir='ltr'>huic</span> <span class='ocrx_word' id='word_1_262' title='bbox 1167 2085 1361 2151; x_wconf 85' lang='lat' dir='ltr'>negotio</span> <span class='ocrx_word' id='word_1_263' title='bbox 1378 2079 1656 2128; x_wconf 87' lang='lat' dir='ltr'>methodum</span> <span class='ocrx_word' id='word_1_264' title='bbox 1673 2077 2000 2148; x_wconf 85' lang='lat' dir='ltr'>propositionis</span> <span class='ocrx_word' id='word_1_265' title='bbox 2018 2085 2157 2129; x_wconf 85' lang='lat' dir='ltr'>tertiae</span> <span class='ocrx_word' id='word_1_266' title='bbox 2174 2080 2312 2128; x_wconf 86' lang='lat' dir='ltr'>huius</span> 
     </span>
     <span class='ocr_line' id='line_1_29' title="bbox 623 2145 2312 2222; baseline -0.002 -21"><span class='ocrx_word' id='word_1_267' title='bbox 623 2151 731 2201; x_wconf 87' lang='lat' dir='ltr'>libri</span> <span class='ocrx_word' id='word_1_268' title='bbox 774 2156 944 2222; x_wconf 88' lang='lat' dir='ltr'>poterit</span> <span class='ocrx_word' id='word_1_269' title='bbox 982 2147 1204 2200; x_wconf 82' lang='lat' dir='ltr'>adhibere</span> <span class='ocrx_word' id='word_1_270' title='bbox 1226 2186 1240 2212; x_wconf 77' lang='lat'>,</span> <span class='ocrx_word' id='word_1_271' title='bbox 1275 2148 1361 2198; x_wconf 69' lang='lat' dir='ltr'>nisi</span> <span class='ocrx_word' id='word_1_272' title='bbox 1403 2145 1524 2197; x_wconf 89' lang='lat' dir='ltr'>forte</span> <span class='ocrx_word' id='word_1_273' title='bbox 1566 2146 1951 2197; x_wconf 84' lang='lat' dir='ltr'>concurrentibus</span> <span class='ocrx_word' id='word_1_274' title='bbox 1994 2148 2054 2198; x_wconf 89' lang='lat' dir='ltr'>ad</span> <span class='ocrx_word' id='word_1_275' title='bbox 2085 2153 2312 2218; x_wconf 61' lang='lat' dir='ltr'>pundtum</span> 
     </span>
     <span class='ocr_line' id='line_1_30' title="bbox 626 2214 2313 2287; baseline -0.005 -14"><span class='ocrx_word' id='word_1_276' title='bbox 626 2227 656 2273; x_wconf 87' lang='lat' dir='ltr'>F</span> <span class='ocrx_word' id='word_1_277' title='bbox 682 2263 696 2285; x_wconf 90' lang='lat'>,</span> <span class='ocrx_word' id='word_1_278' title='bbox 733 2222 866 2271; x_wconf 89' lang='lat' dir='ltr'>radiis</span> <span class='ocrx_word' id='word_1_279' title='bbox 892 2224 963 2270; x_wconf 85' lang='lat' dir='ltr'>aF</span> <span class='ocrx_word' id='word_1_280' title='bbox 985 2262 998 2282; x_wconf 93' lang='lat'>,</span> <span class='ocrx_word' id='word_1_281' title='bbox 1021 2217 1046 2268; x_wconf 82' lang='lat' dir='ltr'><em>h</em></span> <span class='ocrx_word' id='word_1_282' title='bbox 1072 2225 1100 2271; x_wconf 86' lang='lat' dir='ltr'>F</span> <span class='ocrx_word' id='word_1_283' title='bbox 1130 2229 1173 2268; x_wconf 87' lang='lat'>&amp;</span> <span class='ocrx_word' id='word_1_284' title='bbox 1201 2224 1370 2269; x_wconf 85' lang='lat' dir='ltr'>caeteris</span> <span class='ocrx_word' id='word_1_285' title='bbox 1402 2218 1775 2279; x_wconf 82' lang='lat' dir='ltr'>intermediiS,vt</span> <span class='ocrx_word' id='word_1_286' title='bbox 1807 2215 1923 2267; x_wconf 87' lang='lat' dir='ltr'>inibi</span> <span class='ocrx_word' id='word_1_287' title='bbox 1950 2214 2313 2287; x_wconf 69' lang='lat' dir='ltr'>praescripsimus,</span> 
     </span>
     <span class='ocr_line' id='line_1_31' title="bbox 625 2285 2312 2362; baseline -0.004 -21"><span class='ocrx_word' id='word_1_288' title='bbox 625 2292 872 2362; x_wconf 78' lang='lat' dir='ltr'>angustum</span> <span class='ocrx_word' id='word_1_289' title='bbox 896 2292 1033 2340; x_wconf 85' lang='lat' dir='ltr'>nimis</span> <span class='ocrx_word' id='word_1_290' title='bbox 1068 2293 1317 2358; x_wconf 84' lang='lat' dir='ltr'>reperiatur</span> <span class='ocrx_word' id='word_1_291' title='bbox 1347 2286 1375 2336; x_wconf 86' lang='lat' dir='ltr'>s</span> <span class='ocrx_word' id='word_1_292' title='bbox 1399 2291 1543 2337; x_wconf 87' lang='lat' dir='ltr'>atium</span> <span class='ocrx_word' id='word_1_293' title='bbox 1574 2291 1609 2335; x_wconf 89' lang='lat' dir='ltr'><strong>E</strong></span> <span class='ocrx_word' id='word_1_294' title='bbox 1636 2293 1680 2338; x_wconf 88' lang='lat' dir='ltr'>X</span> <span class='ocrx_word' id='word_1_295' title='bbox 1699 2324 1713 2348; x_wconf 90' lang='lat'>‚</span> <span class='ocrx_word' id='word_1_296' title='bbox 1747 2291 1794 2335; x_wconf 89' lang='lat' dir='ltr'>in</span> <span class='ocrx_word' id='word_1_297' title='bbox 1823 2303 1920 2357; x_wconf 86' lang='lat' dir='ltr'>quo</span> <span class='ocrx_word' id='word_1_298' title='bbox 1953 2285 2096 2335; x_wconf 77' lang='lat' dir='ltr'>debet</span> <span class='ocrx_word' id='word_1_299' title='bbox 2129 2286 2252 2335; x_wconf 88' lang='lat' dir='ltr'>oculi</span> <span class='ocrx_word' id='word_1_300' title='bbox 2281 2285 2312 2335; x_wconf 69' lang='grc' dir='ltr'>ὲ</span> 
     </span>
     <span class='ocr_line' id='line_1_32' title="bbox 625 2354 2312 2430; baseline -0.002 -21"><span class='ocrx_word' id='word_1_301' title='bbox 625 2360 766 2430; x_wconf 81' lang='lat' dir='ltr'>plano</span> <span class='ocrx_word' id='word_1_302' title='bbox 791 2365 834 2410; x_wconf 91' lang='lat' dir='ltr'>V</span> <span class='ocrx_word' id='word_1_303' title='bbox 850 2365 895 2411; x_wconf 92' lang='lat' dir='ltr'>X</span> <span class='ocrx_word' id='word_1_304' title='bbox 912 2364 955 2410; x_wconf 92' lang='lat' dir='ltr'>Y</span> <span class='ocrx_word' id='word_1_305' title='bbox 972 2362 1010 2411; x_wconf 93' lang='lat' dir='ltr'><strong>Z</strong></span> <span class='ocrx_word' id='word_1_306' title='bbox 1028 2396 1042 2422; x_wconf 62' lang='lat'><em>5</em></span> <span class='ocrx_word' id='word_1_307' title='bbox 1069 2357 1281 2407; x_wconf 83' lang='lat' dir='ltr'>distantia</span> <span class='ocrx_word' id='word_1_308' title='bbox 1305 2376 1363 2408; x_wconf 91' lang='lat' dir='ltr'>co</span> <span class='ocrx_word' id='word_1_309' title='bbox 1384 2356 1526 2406; x_wconf 87' lang='lat' dir='ltr'>locari</span> <span class='ocrx_word' id='word_1_310' title='bbox 1554 2364 1598 2403; x_wconf 74' lang='grc' dir='ltr'>δε</span> <span class='ocrx_word' id='word_1_311' title='bbox 1630 2354 2019 2426; x_wconf 82' lang='lat' dir='ltr'>perpendicularis</span> <span class='ocrx_word' id='word_1_312' title='bbox 2054 2358 2124 2404; x_wconf 84' lang='lat' dir='ltr'>axi</span> <span class='ocrx_word' id='word_1_313' title='bbox 2151 2360 2312 2425; x_wconf 88' lang='lat' dir='ltr'>optico</span> 
     </span>
     <span class='ocr_line' id='line_1_33' title="bbox 625 2423 2312 2499; baseline -0.003 -20"><span class='ocrx_word' id='word_1_314' title='bbox 625 2427 720 2479; x_wconf 76' lang='lat' dir='ltr'>siue</span> <span class='ocrx_word' id='word_1_315' title='bbox 746 2429 874 2478; x_wconf 84' lang='lat' dir='ltr'>radio</span> <span class='ocrx_word' id='word_1_316' title='bbox 939 2427 1147 2499; x_wconf 78' lang='lat' dir='ltr'>rincipali</span> <span class='ocrx_word' id='word_1_317' title='bbox 1169 2427 1385 2477; x_wconf 88' lang='lat' dir='ltr'>constitui</span> <span class='ocrx_word' id='word_1_318' title='bbox 1407 2454 1418 2488; x_wconf 73' lang='lat'>3</span> <span class='ocrx_word' id='word_1_319' title='bbox 1440 2426 1499 2475; x_wconf 87' lang='lat' dir='ltr'>ad</span> <span class='ocrx_word' id='word_1_320' title='bbox 1521 2425 1804 2474; x_wconf 85' lang='lat' dir='ltr'>inuenienda</span> <span class='ocrx_word' id='word_1_321' title='bbox 1828 2423 1999 2474; x_wconf 76' lang='lat' dir='ltr'>scilicet</span> <span class='ocrx_word' id='word_1_322' title='bbox 2026 2433 2110 2494; x_wconf 81' lang='lat' dir='ltr'>per</span> <span class='ocrx_word' id='word_1_323' title='bbox 2138 2425 2312 2474; x_wconf 82' lang='lat' dir='ltr'>diame-</span> 
     </span>
     <span class='ocr_line' id='line_1_34' title="bbox 627 2491 2312 2564; baseline -0.004 -16"><span class='ocrx_word' id='word_1_324' title='bbox 627 2498 750 2549; x_wconf 84' lang='lat' dir='ltr'>tralis</span> <span class='ocrx_word' id='word_1_325' title='bbox 778 2507 823 2547; x_wconf 70' lang='grc' dir='ltr'>δε</span> <span class='ocrx_word' id='word_1_326' title='bbox 846 2506 895 2548; x_wconf 82' lang='lat' dir='ltr'>ra</span> <span class='ocrx_word' id='word_1_327' title='bbox 930 2497 1088 2547; x_wconf 83' lang='lat' dir='ltr'>ialium</span> <span class='ocrx_word' id='word_1_328' title='bbox 1110 2494 1456 2546; x_wconf 69' lang='lat' dir='ltr'>intersetstiones</span> <span class='ocrx_word' id='word_1_329' title='bbox 1485 2498 1657 2563; x_wconf 69' lang='lat' dir='ltr'>punCta</span> <span class='ocrx_word' id='word_1_330' title='bbox 1682 2507 1765 2563; x_wconf 79' lang='lat' dir='ltr'>per</span> <span class='ocrx_word' id='word_1_331' title='bbox 1789 2512 1892 2564; x_wconf 86' lang='lat' dir='ltr'>quae</span> <span class='ocrx_word' id='word_1_332' title='bbox 1918 2491 2094 2542; x_wconf 85' lang='lat' dir='ltr'>debent</span> <span class='ocrx_word' id='word_1_333' title='bbox 2123 2512 2312 2563; x_wconf 85' lang='lat' dir='ltr'>perpen-</span> 
     </span>
     <span class='ocr_line' id='line_1_35' title="bbox 629 2561 2312 2632; baseline -0.004 -16"><span class='ocrx_word' id='word_1_334' title='bbox 629 2564 852 2618; x_wconf 79' lang='lat' dir='ltr'>diculares</span> <span class='ocrx_word' id='word_1_335' title='bbox 879 2571 919 2617; x_wconf 88' lang='lat' dir='ltr'>G</span> <span class='ocrx_word' id='word_1_336' title='bbox 937 2572 1014 2629; x_wconf 87' lang='lat' dir='ltr'>H,</span> <span class='ocrx_word' id='word_1_337' title='bbox 1040 2575 1084 2615; x_wconf 88' lang='lat'>&amp;</span> <span class='ocrx_word' id='word_1_338' title='bbox 1114 2564 1279 2616; x_wconf 84' lang='lat' dir='ltr'>similes</span> <span class='ocrx_word' id='word_1_339' title='bbox 1302 2565 1438 2615; x_wconf 86' lang='lat' dir='ltr'>duci:</span> <span class='ocrx_word' id='word_1_340' title='bbox 1463 2562 1540 2612; x_wconf 86' lang='lat' dir='ltr'>hic</span> <span class='ocrx_word' id='word_1_341' title='bbox 1560 2568 1687 2613; x_wconf 88' lang='lat' dir='ltr'>enim</span> <span class='ocrx_word' id='word_1_342' title='bbox 1711 2582 1752 2612; x_wconf 89' lang='lat' dir='ltr'>v.</span> <span class='ocrx_word' id='word_1_343' title='bbox 1788 2581 1832 2632; x_wconf 86' lang='lat' dir='ltr'>g.</span> <span class='ocrx_word' id='word_1_344' title='bbox 1861 2579 1960 2610; x_wconf 91' lang='lat' dir='ltr'>non</span> <span class='ocrx_word' id='word_1_345' title='bbox 1987 2561 2172 2632; x_wconf 76' lang='lat' dir='ltr'>possunt</span> <span class='ocrx_word' id='word_1_346' title='bbox 2198 2561 2312 2611; x_wconf 84' lang='lat' dir='ltr'>eius-</span> 
     </span>
     <span class='ocr_line' id='line_1_36' title="bbox 628 2630 2313 2705; baseline -0.004 -19"><span class='ocrx_word' id='word_1_347' title='bbox 628 2637 760 2687; x_wconf 88' lang='lat' dir='ltr'>modi</span> <span class='ocrx_word' id='word_1_348' title='bbox 815 2640 955 2686; x_wconf 67' lang='lat' dir='ltr'>uncsta</span> <span class='ocrx_word' id='word_1_349' title='bbox 978 2654 1059 2705; x_wconf 89' lang='lat' dir='ltr'>per</span> <span class='ocrx_word' id='word_1_350' title='bbox 1083 2633 1357 2705; x_wconf 83' lang='lat' dir='ltr'>affignatum</span> <span class='ocrx_word' id='word_1_351' title='bbox 1385 2639 1434 2682; x_wconf 89' lang='lat' dir='ltr'>in</span> <span class='ocrx_word' id='word_1_352' title='bbox 1461 2632 1583 2681; x_wconf 67' lang='lat' dir='ltr'>dieta</span> <span class='ocrx_word' id='word_1_353' title='bbox 1611 2630 1928 2702; x_wconf 81' lang='lat' dir='ltr'>propositione</span> <span class='ocrx_word' id='word_1_354' title='bbox 1954 2631 2151 2680; x_wconf 90' lang='lat' dir='ltr'>modum</span> <span class='ocrx_word' id='word_1_355' title='bbox 2181 2635 2313 2680; x_wconf 88' lang='lat' dir='ltr'>inue-</span> 
     </span>
     <span class='ocr_line' id='line_1_37' title="bbox 630 2655 2314 2776; baseline -0.004 -21"><span class='ocrx_word' id='word_1_356' title='bbox 630 2711 748 2767; x_wconf 87' lang='lat' dir='ltr'>niri,</span> <span class='ocrx_word' id='word_1_357' title='bbox 772 2655 967 2776; x_wconf 57' lang='lat' dir='ltr'>spatium</span> <span class='ocrx_word' id='word_1_358' title='bbox 999 2709 1124 2753; x_wconf 83' lang='lat' dir='ltr'>enim</span> <span class='ocrx_word' id='word_1_359' title='bbox 1153 2709 1249 2755; x_wconf 87' lang='lat' dir='ltr'>EX</span> <span class='ocrx_word' id='word_1_360' title='bbox 1278 2741 1291 2766; x_wconf 83' lang='lat'><strong>,</strong></span> <span class='ocrx_word' id='word_1_361' title='bbox 1324 2702 1449 2753; x_wconf 89' lang='lat' dir='ltr'>oculi</span> <span class='ocrx_word' id='word_1_362' title='bbox 1480 2699 1506 2750; x_wconf 64' lang='lat' dir='ltr'>a</span> <span class='ocrx_word' id='word_1_363' title='bbox 1541 2700 1682 2770; x_wconf 87' lang='lat' dir='ltr'>plano</span> <span class='ocrx_word' id='word_1_364' title='bbox 1719 2701 1981 2750; x_wconf 89' lang='lat' dir='ltr'>distantiam</span> <span class='ocrx_word' id='word_1_365' title='bbox 2012 2712 2176 2768; x_wconf 81' lang='lat' dir='ltr'>capere</span> <span class='ocrx_word' id='word_1_366' title='bbox 2213 2718 2314 2748; x_wconf 88' lang='lat' dir='ltr'>non</span> 
     </span>
     <span class='ocr_line' id='line_1_38' title="bbox 630 2767 2313 2846; baseline -0.004 -21"><span class='ocrx_word' id='word_1_367' title='bbox 630 2776 782 2846; x_wconf 85' lang='lat' dir='ltr'>potest</span> <span class='ocrx_word' id='word_1_368' title='bbox 799 2817 812 2838; x_wconf 89' lang='lat'>‚</span> <span class='ocrx_word' id='word_1_369' title='bbox 837 2793 887 2825; x_wconf 89' lang='lat' dir='ltr'>vt</span> <span class='ocrx_word' id='word_1_370' title='bbox 919 2791 1047 2844; x_wconf 84' lang='lat' dir='ltr'>patet</span> <span class='ocrx_word' id='word_1_371' title='bbox 1076 2794 1128 2824; x_wconf 83' lang='lat' dir='ltr'>ex</span> <span class='ocrx_word' id='word_1_372' title='bbox 1161 2773 1282 2822; x_wconf 88' lang='lat' dir='ltr'>linea</span> <span class='ocrx_word' id='word_1_373' title='bbox 1317 2779 1345 2822; x_wconf 71' lang='grc' dir='ltr'><strong><em>Ρ</em></strong></span> <span class='ocrx_word' id='word_1_374' title='bbox 1364 2776 1406 2823; x_wconf 88' lang='lat' dir='ltr'>A</span> <span class='ocrx_word' id='word_1_375' title='bbox 1427 2814 1440 2835; x_wconf 84' lang='lat'>‚</span> <span class='ocrx_word' id='word_1_376' title='bbox 1471 2788 1571 2841; x_wconf 84' lang='lat' dir='ltr'>quae</span> <span class='ocrx_word' id='word_1_377' title='bbox 1604 2767 2101 2840; x_wconf 74' lang='lat' dir='ltr'>ipsam‘repraesentans</span> <span class='ocrx_word' id='word_1_378' title='bbox 2127 2767 2313 2818; x_wconf 76' lang='lat' dir='ltr'>obtinet</span> 
     </span>
     <span class='ocr_line' id='line_1_39' title="bbox 630 2837 2313 2916; baseline -0.006 -21"><span class='ocrx_word' id='word_1_379' title='bbox 630 2850 680 2895; x_wconf 85' lang='lat' dir='ltr'>in</span> <span class='ocrx_word' id='word_1_380' title='bbox 714 2843 1046 2916; x_wconf 82' lang='lat' dir='ltr'>scenographia</span> <span class='ocrx_word' id='word_1_381' title='bbox 1084 2843 1429 2915; x_wconf 65' lang='lat' dir='ltr'>longitudinem</span> <span class='ocrx_word' id='word_1_382' title='bbox 1464 2840 1637 2909; x_wconf 89' lang='lat' dir='ltr'>pedum</span> <span class='ocrx_word' id='word_1_383' title='bbox 1670 2837 1845 2909; x_wconf 86' lang='lat' dir='ltr'>septem</span> <span class='ocrx_word' id='word_1_384' title='bbox 1881 2843 2063 2888; x_wconf 80' lang='lat' dir='ltr'>circiter</span> <span class='ocrx_word' id='word_1_385' title='bbox 2089 2857 2229 2895; x_wconf 86' lang='lat' dir='ltr'>,cum</span> <span class='ocrx_word' id='word_1_386' title='bbox 2258 2837 2313 2885; x_wconf 46' lang='lat' dir='ltr'>li*</span> 
     </span>
     <span class='ocr_line' id='line_1_40' title="bbox 629 2907 2309 2983; baseline -0.005 -19"><span class='ocrx_word' id='word_1_387' title='bbox 629 2932 717 2963; x_wconf 87' lang='lat' dir='ltr'>nea</span> <span class='ocrx_word' id='word_1_388' title='bbox 735 2917 772 2963; x_wconf 89' lang='lat' dir='ltr'><strong>E</strong></span> <span class='ocrx_word' id='word_1_389' title='bbox 789 2919 833 2964; x_wconf 93' lang='lat' dir='ltr'>X</span> <span class='ocrx_word' id='word_1_390' title='bbox 862 2914 921 2963; x_wconf 84' lang='lat' dir='ltr'>ad</span> <span class='ocrx_word' id='word_1_391' title='bbox 946 2913 1087 2983; x_wconf 86' lang='lat' dir='ltr'>pedes</span> <span class='ocrx_word' id='word_1_392' title='bbox 1113 2931 1295 2962; x_wconf 84' lang='lat' dir='ltr'>tanturn</span> <span class='ocrx_word' id='word_1_393' title='bbox 1321 2929 1527 2982; x_wconf 75' lang='lat' dir='ltr'>quatuor</span> <span class='ocrx_word' id='word_1_394' title='bbox 1547 2927 1626 2958; x_wconf 85' lang='lat' dir='ltr'>aut</span> <span class='ocrx_word' id='word_1_395' title='bbox 1657 2908 1795 2977; x_wconf 86' lang='lat' dir='ltr'>paulo</span> <span class='ocrx_word' id='word_1_396' title='bbox 1820 2907 2014 2977; x_wconf 84' lang='lat' dir='ltr'>amplius</span> <span class='ocrx_word' id='word_1_397' title='bbox 2051 2911 2309 2976; x_wconf 79' lang='lat' dir='ltr'>perueniatz</span> 
     </span>
     <span class='ocr_line' id='line_1_41' title="bbox 632 2977 2315 3053; baseline -0.005 -22"><span class='ocrx_word' id='word_1_398' title='bbox 632 2982 762 3049; x_wconf 80' lang='lat' dir='ltr'>Qd</span> <span class='ocrx_word' id='word_1_399' title='bbox 786 2987 926 3053; x_wconf 87' lang='lat' dir='ltr'>igitur</span> <span class='ocrx_word' id='word_1_400' title='bbox 947 2988 996 3031; x_wconf 89' lang='lat' dir='ltr'>in</span> <span class='ocrx_word' id='word_1_401' title='bbox 1019 2982 1103 3030; x_wconf 89' lang='lat' dir='ltr'>isto</span> <span class='ocrx_word' id='word_1_402' title='bbox 1127 2978 1231 3031; x_wconf 87' lang='lat' dir='ltr'>casu</span> <span class='ocrx_word' id='word_1_403' title='bbox 1264 2981 1499 3051; x_wconf 85' lang='lat' dir='ltr'>agendum</span> <span class='ocrx_word' id='word_1_404' title='bbox 1521 2978 1846 3027; x_wconf 70' lang='lat' dir='ltr'>est2nimirum</span> <span class='ocrx_word' id='word_1_405' title='bbox 1874 2995 1924 3026; x_wconf 87' lang='lat' dir='ltr'>vt</span> <span class='ocrx_word' id='word_1_406' title='bbox 1952 2977 2083 3046; x_wconf 91' lang='lat' dir='ltr'>quod</span> <span class='ocrx_word' id='word_1_407' title='bbox 2111 2980 2315 3024; x_wconf 61' lang='lat' dir='ltr'>Geomea-</span> 
     </span>
     <span class='ocr_line' id='line_1_42' title="bbox 632 3047 2315 3119; baseline -0.006 -18"><span class='ocrx_word' id='word_1_408' title='bbox 632 3051 744 3101; x_wconf 63' lang='lat' dir='ltr'>trice</span> <span class='ocrx_word' id='word_1_409' title='bbox 775 3052 922 3101; x_wconf 61' lang='lat' dir='ltr'>ductis</span> <span class='ocrx_word' id='word_1_410' title='bbox 946 3050 1076 3100; x_wconf 89' lang='lat' dir='ltr'>lineis</span> <span class='ocrx_word' id='word_1_411' title='bbox 1102 3047 1262 3100; x_wconf 83' lang='lat' dir='ltr'>artifex</span> <span class='ocrx_word' id='word_1_412' title='bbox 1291 3050 1493 3119; x_wconf 84' lang='lat' dir='ltr'>praestare</span> <span class='ocrx_word' id='word_1_413' title='bbox 1519 3060 1618 3096; x_wconf 85' lang='lat' dir='ltr'>non</span> <span class='ocrx_word' id='word_1_414' title='bbox 1637 3047 1788 3116; x_wconf 86' lang='lat' dir='ltr'>p0test</span> <span class='ocrx_word' id='word_1_415' title='bbox 1804 3087 1819 3108; x_wconf 88' lang='lat'>,</span> <span class='ocrx_word' id='word_1_416' title='bbox 1854 3047 1903 3095; x_wconf 85' lang='lat' dir='ltr'>id</span> <span class='ocrx_word' id='word_1_417' title='bbox 1928 3056 2010 3115; x_wconf 80' lang='lat' dir='ltr'>per</span> <span class='ocrx_word' id='word_1_418' title='bbox 2039 3047 2315 3109; x_wconf 56' lang='lat' dir='ltr'>instrumen7</span> 
     </span>
     <span class='ocr_line' id='line_1_43' title="bbox 634 3117 1840 3190; baseline -0.008 -19"><span class='ocrx_word' id='word_1_419' title='bbox 634 3138 682 3173; x_wconf 81' lang='lat' dir='ltr'>ta</span> <span class='ocrx_word' id='word_1_420' title='bbox 706 3118 781 3169; x_wconf 89' lang='lat' dir='ltr'>seu</span> <span class='ocrx_word' id='word_1_421' title='bbox 806 3117 886 3169; x_wconf 74' lang='lat' dir='ltr'>fila</span> <span class='ocrx_word' id='word_1_422' title='bbox 916 3119 1135 3190; x_wconf 65' lang='lat' dir='ltr'>organice</span> <span class='ocrx_word' id='word_1_423' title='bbox 1162 3117 1481 3186; x_wconf 87' lang='lat' dir='ltr'>consequatur.</span> <span class='ocrx_word' id='word_1_424' title='bbox 1835 3178 1840 3182; x_wconf 70' lang='lat'><em>,</em></span> 
     </span>
    </p>

    <p class='ocr_par' dir='ltr' id='par_1_6' title="bbox 632 3181 2315 3397">
     <span class='ocr_line' id='line_1_44' title="bbox 705 3181 2314 3255; baseline -0.006 -17"><span class='ocrx_word' id='word_1_425' title='bbox 705 3189 781 3238; x_wconf 85' lang='lat' dir='ltr'>Ad</span> <span class='ocrx_word' id='word_1_426' title='bbox 799 3189 891 3239; x_wconf 88' lang='lat' dir='ltr'>hoc</span> <span class='ocrx_word' id='word_1_427' title='bbox 908 3205 1075 3238; x_wconf 88' lang='lat' dir='ltr'>autem.</span> <span class='ocrx_word' id='word_1_428' title='bbox 1089 3194 1141 3238; x_wconf 86' lang='lat' dir='ltr'>In</span> <span class='ocrx_word' id='word_1_429' title='bbox 1164 3187 1285 3237; x_wconf 87' lang='lat' dir='ltr'>linea</span> <span class='ocrx_word' id='word_1_430' title='bbox 1306 3186 1673 3255; x_wconf 85' lang='lat' dir='ltr'>perpendiculari</span> <span class='ocrx_word' id='word_1_431' title='bbox 1691 3186 1786 3235; x_wconf 78' lang='lat' dir='ltr'>AR</span> <span class='ocrx_word' id='word_1_432' title='bbox 1799 3183 1916 3247; x_wconf 80' lang='lat' dir='ltr'>,siue</span> <span class='ocrx_word' id='word_1_433' title='bbox 1931 3185 2038 3233; x_wconf 75' lang='lat' dir='ltr'>ostii</span> <span class='ocrx_word' id='word_1_434' title='bbox 2054 3181 2314 3241; x_wconf 45' lang='lat' dir='ltr'>arrestariog</span> 
     </span>
     <span class='ocr_line' id='line_1_45' title="bbox 635 3248 2315 3327; baseline -0.004 -24"><span class='ocrx_word' id='word_1_435' title='bbox 635 3255 714 3304; x_wconf 91' lang='lat' dir='ltr'>vbi</span> <span class='ocrx_word' id='word_1_436' title='bbox 738 3257 885 3326; x_wconf 87' lang='lat' dir='ltr'>ipsum</span> <span class='ocrx_word' id='word_1_437' title='bbox 906 3262 1128 3327; x_wconf 67' lang='lat' dir='ltr'>pun-stum</span> <span class='ocrx_word' id='word_1_438' title='bbox 1145 3256 1331 3306; x_wconf 88' lang='lat' dir='ltr'>oculare</span> <span class='ocrx_word' id='word_1_439' title='bbox 1348 3255 1653 3305; x_wconf 83' lang='lat' dir='ltr'>constitutum</span> <span class='ocrx_word' id='word_1_440' title='bbox 1667 3250 2213 3316; x_wconf 71' lang='lat' dir='ltr'>cernitur‚annulumfiue</span> <span class='ocrx_word' id='word_1_441' title='bbox 2229 3248 2315 3298; x_wconf 83' lang='lat' dir='ltr'>cla-</span> 
     </span>
     <span class='ocr_line' id='line_1_46' title="bbox 632 3320 2314 3397; baseline -0.004 -24"><span class='ocrx_word' id='word_1_442' title='bbox 632 3324 837 3376; x_wconf 88' lang='lat' dir='ltr'>uiculum</span> <span class='ocrx_word' id='word_1_443' title='bbox 862 3325 1026 3397; x_wconf 84' lang='lat' dir='ltr'>defigit</span> <span class='ocrx_word' id='word_1_444' title='bbox 1050 3324 1183 3374; x_wconf 84' lang='lat' dir='ltr'>filum</span> <span class='ocrx_word' id='word_1_445' title='bbox 1210 3325 1388 3375; x_wconf 86' lang='lat' dir='ltr'>habens</span> <span class='ocrx_word' id='word_1_446' title='bbox 1415 3329 1647 3374; x_wconf 76' lang='lat' dir='ltr'>annexum</span> <span class='ocrx_word' id='word_1_447' title='bbox 1671 3324 1807 3393; x_wconf 80' lang='lat' dir='ltr'>quod</span> <span class='ocrx_word' id='word_1_448' title='bbox 1830 3322 1890 3373; x_wconf 82' lang='lat' dir='ltr'>ab</span> <span class='ocrx_word' id='word_1_449' title='bbox 1915 3320 2014 3392; x_wconf 69' lang='lat' dir='ltr'>ipso</span> <span class='ocrx_word' id='word_1_450' title='bbox 2036 3325 2216 3390; x_wconf 60' lang='lat' dir='ltr'>puncto</span> <span class='ocrx_word' id='word_1_451' title='bbox 2231 3335 2314 3389; x_wconf 78' lang='lat' dir='ltr'>per</span> 
     </span>
    </p>
   </div>
  </div>
 </body>
</html>
