2498 3898
653 231 710 270 82.
960 215 1634 266 THAVMATVRGI
1710 215 2025 263 OPTICI

652 298 696 337 &
717 281 942 337 inferioris
964 288 1133 353 punCta
1146 286 1241 345 IQ,
1253 282 1570 341 obtineant,in
1585 282 1657 329 his
1678 289 1814 332 etiam
1826 286 1875 332 H
1888 276 1986 339 BgE
2000 285 2062 340 C,
2075 282 2338 353 diagonales

646 362 919 425 exprimunt.
942 353 1118 417 Quibus
1129 353 1340 401 omnibus
1359 352 1415 400 ad
1429 350 1765 420 scenographiae
1776 352 1894 422 leges
1903 355 1963 399 ita
1972 348 2213 420 dispositis,
2225 351 2337 400 alte—

648 443 745 475 rum
769 425 850 493 ipsi
872 424 1038 471 cubum
1063 419 1314 470 inscribunt
1333 421 1422 469 hoc
1440 421 1582 468 modo
1597 456 1610 478 ,
1634 436 1683 468 vt
1701 417 1953 469 solidorum
1970 421 2246 491 angulorum
2262 423 2337 469 in-

649 492 800 550 fimus,
822 498 868 541 in
889 508 983 561 quo
1006 491 1141 539 debet
1159 487 1346 540 solidum
1363 484 1600 538 consistere
1621 492 1667 538 in
1688 494 1867 557 puncto
1886 491 1962 550 Q,
1990 489 2213 540 inferioris
2239 508 2337 538 ma-

649 568 753 612 ioris
771 563 876 612 cubi
895 556 1005 609 basis
1024 560 1174 608 medio
1198 560 1521 618 constituatur,
1541 559 1779 627 oppositus
1803 577 1912 609 vero
1932 555 2038 627 ipsi,
2052 563 2276 627 punCtum
2298 563 2336 614 I,

651 631 885 700 superioris
903 629 1102 697 praedicsti
1132 633 1314 677 maioris
1337 627 1440 677 cubi
1471 627 1598 677 faciei
1626 628 1826 677 medium
1858 631 2126 698 contingat,
2150 637 2196 677 &
2227 630 2334 676 bina

650 705 742 748 eius
761 701 896 747 latera
917 696 1132 766 opposita
1151 701 1191 746 K
1208 701 1245 746 L
1258 737 1271 757 ,
1289 701 1336 746 N
1353 703 1398 745 O
1412 734 1426 756 ,
1449 698 1507 745 ad
1524 696 1759 765 oppositas
1779 698 1884 746 cubi
1904 700 1972 747 cui
1988 694 2245 746 inscribitur
2260 695 2336 745 fa-

646 773 733 817 cies
757 768 1042 837 applicentur
1061 785 1072 820 ·,
1093 782 1248 815 caetera
1269 766 1494 835 denique,
1518 781 1571 814 vt
1589 768 1634 812 in
1657 765 1874 833 praediCto
1903 767 2231 838 diagrammate
2252 766 2336 814 de-

647 839 813 886 lineata
835 837 1122 890 exhibentur3
1144 835 1288 885 vbi&
1308 831 1573 884 manifestus
1602 831 1700 882 satis
1729 852 1850 883 error
1881 835 2197 906 cognoscitur,
2214 839 2261 883 in
2279 851 2333 882 eo

645 914 863 975 praecipue
883 906 1010 976 quod
1033 905 1239 974 quadrati
1259 904 1459 972 inscripti
1479 903 1586 952 cubi
1605 903 1898 975 diagonalem
1919 909 1966 955 N
1982 909 2041 962 L,
2062 905 2196 974 ipsius
2231 902 2335 953 cubi

644 976 875 1045 diagonali
898 974 1111 1044 aequalem
1131 973 1353 1034 efficiunt,
1373 973 1502 1043 quod
1525 990 1680 1022 tamen
1701 975 1761 1023 est
1787 972 1996 1023 absolute
2019 991 2256 1022 erroneum
2281 993 2334 1020 ex

643 1044 776 1093 dicitis
798 1042 1022 1113 superiuS,
1039 1053 1083 1092 δε
1106 1060 1229 1111 patet
1256 1063 1308 1092 ex
1338 1043 1685 1092 constructione
1715 1044 1867 1115 figurae
1893 1046 2044 1094 XVI.
2076 1048 2126 1092 in
2153 1041 2334 1091 Tabula

648 1114 938 1182 praecedenti,
958 1115 1038 1162 vbi
1056 1112 1236 1167 videtur
1257 1112 1361 1162 cubi
1380 1112 1632 1183 diagonalis
1662 1115 1693 1160 Β
1714 1119 1759 1163 D
1774 1151 1788 1172 ,
1805 1113 2016 1183 quadrati
2036 1111 2335 1182 diagonalem

646 1186 676 1230 B
694 1186 749 1242 C,
777 1183 846 1233 vel
869 1186 990 1240 AD,
1010 1181 1242 1231 excedere:
1262 1183 1406 1238 Quod
1427 1199 1574 1233 autem
1599 1185 1647 1230 in
1672 1183 1877 1250 praesenti
1904 1183 2241 1233 construetione
2268 1198 2334 1229 er-

647 1270 788 1301 ronea
811 1252 1022 1323 quadrati
1038 1251 1355 1322 diagonalem,
1372 1251 1476 1302 cubi
1492 1253 1728 1322 diagonali
1754 1252 1976 1322 aequalem
1998 1247 2332 1317 faciant1patet,

645 1340 696 1368 ex
716 1341 768 1369 eo
793 1322 922 1391 quod
945 1338 1180 1389 Vtramque
1199 1323 1255 1370 ad
1280 1324 1372 1371 duo
1397 1322 1532 1389 plana
1559 1320 1768 1388 parallela
1795 1323 2024 1391 aequaliter
2052 1320 2110 1368 ab
2137 1320 2331 1367 inuicem

644 1388 790 1439 diffira
825 1391 1241 1457 perpendicularem
1270 1392 1548 1440 constituant
1569 1409 1580 1442 3
1604 1390 1704 1439 cubi
1732 1393 1852 1438 enirn
1891 1389 2186 1458 diagonalem
2217 1389 2326 1447 IQ,

644 1459 1062 1526 perpendicularem
1092 1462 1271 1527 Vtrique
1300 1456 1391 1508 basi
1421 1464 1461 1507 G
1480 1461 1512 1506 B
1533 1466 1574 1510 C
1593 1465 1621 1508 F
1644 1496 1656 1517 ,
1680 1463 1717 1508 A
1741 1464 1786 1509 D
1808 1462 1844 1509 E
1864 1464 1912 1508 H
1938 1458 2020 1508 esse
2053 1455 2220 1505 necesse
2249 1457 2321 1503 est.

644 1535 761 1576 Sunt
796 1539 840 1578 &
870 1527 939 1592 alij
959 1531 1008 1577 in
1039 1533 1123 1577 hac
1156 1528 1499 1577 construetione
1528 1545 1693 1577 errores
1728 1529 1861 1577 multi
1888 1547 1940 1576 ex
1978 1542 2142 1576 notato
2173 1525 2330 1573 conse-

643 1612 836 1665 quentes
854 1636 867 1656 ,
889 1613 1009 1666 quos
1035 1596 1192 1644 inutile
1222 1594 1342 1645 foret
1364 1594 1606 1654 recensere,
1628 1615 1768 1667 quare
1786 1596 1971 1647 sufficiat
2006 1596 2061 1645 ad
2085 1594 2330 1662 reproban-

641 1666 747 1714 dam
766 1667 897 1715 huius
914 1665 1187 1714 methodum
1209 1667 1732 1736 construstionis,magis
1753 1665 2046 1733 principalem
2068 1661 2325 1733 designasse.

845 1809 1013 1855 COR
1046 1806 1524 1857 OLLARIVM
1598 1805 2108 1854 SECVNDVM.

809 1948 853 1992 lc
874 1961 960 2015 ego
980 1943 1240 1991 monendos
1258 1939 1484 1993 censerem
1501 1942 1795 2004 σίμωμστξιέπις
1816 1939 1908 1989 srue
1927 1943 2224 1990 Geometricis
2235 1941 2329 1990 ele?-

809 2018 973 2062 mentis
988 2012 1146 2060 leuiter
1166 2013 1385 2071 imbutos,
1397 2016 1478 2082 qui
1496 2030 1647 2062 tamen
1667 2009 1953 2080 perspeffiuae
1971 2011 2087 2080 leges
2105 2028 2205 2059 non
2227 2004 2329 2059 omss

639 2087 755 2133 nino
780 2081 1016 2138 nesciunt,
1051 2099 1110 2129 ne
1144 2080 1366 2131 delineare
1407 2092 1452 2131 ὃς
1483 2078 1837 2153 scenographice
1874 2082 2140 2128 adumbrare
2172 2077 2327 2147 presu-

640 2168 771 2201 mant
797 2171 847 2200 ea
870 2169 1066 2223 quorum
1090 2167 1213 2201 veras
1241 2155 1565 2219 proportiones
1597 2162 1643 2202 &
1671 2149 1802 2198 reales
1831 2145 2053 2198 mensuras
2087 2153 2323 2219 ignorant.-

636 2222 1048 2282 Quemadmodum
1079 2223 1200 2268 enim
1227 2220 1286 2269 ad
1306 2220 1624 2269 delineandam
1654 2223 1702 2268 in
1737 2216 1981 2287 prospedm
2008 2219 2182 2267 ordinis
2220 2223 2323 2268 Co-

638 2290 797 2355 rinthij
831 2307 908 2340 aut
934 2291 1112 2340 alterius
1137 2287 1441 2359 cuiuscunque
1481 2289 1775 2347 columnam,
1804 2285 2095 2336 necessarium
2125 2287 2184 2335 est
2226 2288 2324 2353 sty-

637 2359 894 2409 lobatarum
929 2370 973 2410 &
1000 2356 1170 2407 basium
1195 2359 1461 2407 latitudines
1480 2396 1493 2416 ,
1524 2362 1819 2416 coronicum„
1848 2373 2055 2406 tororum
2074 2393 2088 2415 ,
2118 2356 2324 2426 cingulo-

639 2448 738 2477 rum
755 2467 768 2489 ,
799 2430 1118 2478 cauliculorum
1136 2468 1149 2489 ,
1182 2426 1402 2478 foliorum
1421 2464 1435 2485 ,
1463 2423 1678 2495 spirarum
1711 2422 1786 2475 scu
1817 2425 2077 2476 volutarum
2105 2428 2322 2494 ecphoras

637 2496 727 2546 siue
754 2501 1165 2566 proiecturas,nec
1194 2501 1344 2546 minus
1381 2497 1542 2545 harum
1582 2500 1789 2546 omnium
1823 2498 2020 2563 partium
2057 2495 2320 2543 altitudines

637 2566 742 2615 huic
768 2567 851 2616 esse
874 2583 1006 2615 notas
1032 2604 1045 2625 ‚
1075 2572 1155 2634 qui
1181 2568 1290 2615 illius
1313 2567 1664 2635 icnographiam
1704 2574 1750 2614 &
1788 2561 2138 2633 ortographiam
2171 2567 2319 2630 primo

635 2634 874 2704 disponere
908 2634 1150 2684 constituet
1167 2657 1178 2690 3
1196 2636 1255 2685 sic
1281 2635 1338 2684 ad
1366 2634 1670 2684 exhibendam
1694 2636 1844 2682 omnis
1866 2636 2040 2703 generis
2072 2628 2320 2680 solidorum

636 2706 902 2775 regularium
931 2714 975 2754 &
1003 2706 1316 2773 irregularium
1339 2703 1742 2775 scenographiam,
1760 2703 2060 2751 determinato
2084 2718 2240 2749 eorum
2257 2698 2320 2748 si-

637 2789 685 2822 tu
714 2784 758 2824 &
787 2773 1021 2843 politione
1049 2776 1106 2824 ad
1133 2774 1343 2842 planum,
1374 2772 1656 2842 explorandae
1676 2772 1780 2820 sunt
1805 2774 2001 2840 partium
2025 2773 2231 2819 omnium
2257 2769 2321 2817 al-

638 2844 852 2891 titudines
871 2881 883 2902 ,
913 2853 957 2893 &
987 2843 1043 2891 ad
1069 2845 1335 2912 praedistum
1368 2842 1557 2912 planum
1589 2843 1902 2891 inclinationes
1923 2861 1934 2894 3
1955 2840 2122 2909 quibus
2150 2841 2318 2908 cogni-

635 2914 691 2959 tis
732 2909 930 2979 ipsorum
971 2915 1273 2983 icnographia
1312 2922 1358 2962 &
1400 2913 1702 2983 ortographia
1735 2906 1904 2978 possint
1943 2909 2049 2977 apte
2079 2908 2314 2960 delineari;

635 2980 842 3049 alioquin
878 2982 912 3028 fi
941 2982 1034 3031 haec
1074 2985 1238 3052 ignota
1287 2997 1549 3030 remaneant
1585 2979 1922 3048 operanti‚qui
1961 2977 2126 3026 cubum
2159 2977 2316 3025 adum-

634 3049 772 3099 brasse
804 3048 845 3098 se
875 3050 1082 3117 putabit,
1103 3050 1529 3119 parallelepipedurn
1554 3049 1815 3118 oblongum
1847 3046 2085 3096 delineaffe
2109 3049 2314 3094 inuenie-

631 3133 701 3167 tur
718 3157 731 3174 ,
763 3135 839 3167 aut
873 3119 1067 3167 solidum
1094 3119 1286 3190 aliquod
1315 3123 1460 3189 magis
1484 3118 1742 3189 irregulare,
1759 3116 1892 3187 quod
1921 3133 2022 3165 non
2045 3120 2191 3166 minus
2211 3112 2315 3162 esset

630 3188 679 3234 in
706 3192 967 3238 Geometria
985 3189 1260 3248 monstrum,
1286 3205 1425 3258 quam
1444 3191 1492 3237 in
1522 3188 1639 3237 ciuili
1666 3187 1967 3236 architectura
1995 3186 2210 3234 columna
2234 3182 2312 3230 ali-

637 3272 753 3323 qua,
770 3258 896 3307 nulla
917 3260 1275 3327 proportionum
1303 3273 1382 3306 aut
1411 3261 1685 3325 Symmetriae
1710 3255 1866 3306 habita
1893 3259 2069 3305 ratione
2095 3248 2189 3303 sine
2211 3251 2310 3300 vllis

631 3327 733 3372 artis
758 3330 987 3395 praeceptis
1006 3327 1259 3377 construdta
1282 3337 1328 3378 &
1351 3327 1586 3377 delineata.
2024 3324 2026 3326 ’
