2498 3898
631 241 883 289 LIBER
958 241 1415 287 SECVNDVS.
1807 239 1865 293 181

195 328 286 380 que
305 314 536 358 monitum
552 308 787 370 volumus,
808 309 864 357 ad
883 307 977 356 illas
998 308 1277 358 exhibendas
1302 308 1404 358 loca
1422 307 1546 379 seligi
1573 308 1740 371 debere
1768 330 1861 362 mar

193 384 313 428 xime
337 377 573 439 illustrata,
593 377 723 446 quod
743 383 958 426 nimirum
980 377 1179 446 plurimae
1197 379 1372 426 illarum
1394 397 1539 445 partes
1559 373 1690 426 valde
1714 397 1863 428 remo-

193 466 259 496 tas
299 445 477 495 eminus
526 444 777 515 ‘conspicari
823 448 999 496 necesse
1023 444 1076 495 fit
1099 447 1248 507 3vnde
1276 457 1319 495 &
1345 446 1518 496 debent
1534 450 1732 495 maximo
1752 447 1862 497 lucis

194 514 433 583 splendore
451 512 665 584 perfundi
681 534 728 564 νε
755 515 893 564 oculo
923 514 1064 584 longe
1092 514 1288 564 abstanti
1315 520 1460 584 magis
1485 513 1572 564 sint
1596 513 1860 584 conspicuae:

192 602 291 632 non
308 602 464 633 tamen
485 583 563 633 sub
580 582 683 652 ipsis
698 582 960 633 immediate
981 581 1082 632 solis
1105 584 1236 632 radiis
1264 589 1411 632 iacere
1440 582 1665 641 finanum
1683 602 1791 633 curn
1821 595 1865 634 δε

190 657 359 702 nimius
377 672 538 702 eorum
553 650 709 722 fulgor
727 657 874 702 aciem
891 653 1162 724 perstringat
1179 652 1442 714 oculorum,
1468 658 1572 703 &in
1594 657 1768 722 pictura
1786 665 1873 703 co?

192 721 342 771 lorur'n
361 719 667 770 diuerfitatem
697 717 954 771 confundat
971 749 982 781 ·,
1002 723 1094 791 qua
1130 741 1284 790 ropter
1301 720 1334 770 si
1354 727 1400 770 in
1422 726 1645 791 pksturam
1672 720 1863 770 eiusmo*

193 792 239 839 di
258 810 338 859 per
353 788 678 840 ambulationis
700 787 914 840 fenestras
933 787 1073 840 solem
1084 742 1470 860 illabialiquando
1481 796 1747 860 contingat,
1759 810 1863 859 pro*

192 858 425 908 uidebitur
436 877 484 908 νε
501 859 611 909 velis
633 861 838 909 candidis
856 860 915 909 ad
933 859 1045 928 ipsas
1064 857 1280 930 appositis
1296 864 1461 908 nimius
1481 859 1555 910 ille
1574 858 1787 928 splendor
1803 879 1864 908 re-

193 928 411 977 tundatur
429 928 472 978 &
491 928 747 991 secundaria
770 944 948 978 tantum
965 928 1067 978 luce
1090 930 1272 999 depicsta
1288 927 1433 998 figura
1450 927 1750 977 illuminetur:
1770 933 1868 997 qui-

192 996 356 1046 busita
371 996 637 1068 compositis
651 1040 663 1058 ,
682 999 740 1046 ad
760 999 1118 1053 determinatum
1134 996 1249 1046 visus
1268 1002 1492 1067 punctum
1514 996 1695 1064 lamella
1711 996 1865 1066 aliqua

192 1067 494 1115 constituetur
511 1106 524 1129 ‚
551 1067 654 1115 exili
673 1063 900 1117 foramine
927 1065 1351 1136 perterebrata‚per
1373 1068 1503 1136 quod
1520 1065 1701 1116 immisti
1718 1064 1863 1115 visua-

189 1131 254 1185 les
274 1135 386 1184 radii
403 1133 653 1204 expositam
672 1140 978 1204 proietsturam
997 1136 1152 1204 optice
1169 1134 1364 1184 similem
1383 1154 1633 1204 prototypo
1649 1153 1861 1204 compre«

189 1205 398 1259 hendent
417 1231 428 1264 3
449 1209 660 1273 quamuis
681 1202 814 1271 poffit
837 1210 976 1253 etiarn
991 1205 1125 1253 nudis
1142 1204 1286 1253 oculis
1311 1214 1354 1253 &
1372 1203 1545 1273 absque
1564 1204 1789 1253 foramine
1807 1210 1864 1252 ri«

189 1273 235 1322 tt?
259 1269 489 1341 conspici;
515 1270 590 1321 sed
615 1271 758 1323 habet
780 1273 828 1322 id
855 1273 1095 1322 commodi
1121 1270 1331 1322 foramen
1355 1270 1448 1321 siue
1472 1270 1658 1322 tubulus
1684 1271 1864 1340 aliquis,

189 1361 236 1391 vt
254 1340 474 1406 collectos
492 1342 549 1390 ad
567 1340 818 1411 eicpositam
834 1345 1162 1411 proiecturam,
1179 1346 1227 1389 in'
1247 1360 1443 1411 eamque
1464 1342 1659 1391 dii-edtos
1676 1337 1863 1390 visuales

186 1411 336 1460 radios
353 1428 476 1459 extra
493 1409 710 1479 sphaeram
726 1416 879 1482 vagari
893 1415 992 1459 nori
1012 1408 1126 1461 sinat
1138 1441 1151 1473 ‚-
1176 1415 1515 1482 certioremque
1549 1421 1593 1461 δε
1613 1409 1867 1458 firmiorem

187 1479 420 1549 aspedtum
437 1480 615 1534 efficiat.
635 1479 811 1530 Verum
829 1481 975 1529 dictos
993 1480 1142 1530 radios
1159 1483 1304 1549 inagis
1330 1479 1481 1529 adhuc
1508 1479 1687 1547 colligit
1705 1488 1750 1528 δε
1767 1497 1864 1527 me-

187 1548 272 1598 lius
292 1549 375 1598 diri
412 1554 446 1599 it
463 1547 763 1618 telescopium
778 1548 871 1598 siue
888 1548 1025 1598 tubus
1052 1554 1232 1618 opticus
1249 1570 1261 1607 ;
1284 1553 1385 1618 Ego
1413 1549 1536 1598 certe
1563 1550 1620 1597 ad
1645 1546 1861 1616 obliquas

187 1619 283 1667 illas
305 1568 643 1688 deffgnationes
661 1617 942 1668 exhibendas
960 1624 1029 1668 vti
1048 1616 1169 1666 soleo
1195 1615 1443 1685 telescopio
1472 1615 1565 1666 fiue
1593 1615 1757 1666 tubulo
1784 1616 1862 1664 ali-

188 1706 286 1757 quo
307 1688 437 1756 quod
454 1692 569 1737 vitra
589 1686 710 1736 bene
726 1698 770 1737 &
791 1683 992 1756 perfecte
1013 1685 1248 1736 elaborata
1266 1684 1435 1735 habeat
1456 1713 1468 1747 3
1489 1686 1610 1735 vnde
1635 1684 1688 1734 fit
1704 1702 1752 1733 vt
1766 1703 1865 1733 non

188 1757 334 1807 solum
351 1774 498 1826 partes
526 1761 739 1827 imaginis
767 1761 1036 1805 remotiores
1064 1755 1200 1825 plene)
1230 1765 1274 1804 δε
1296 1751 1499 1824 perfecte
1525 1752 1865 1822 conspiciantur

186 1824 374 1896 ipsaque
394 1844 493 1875 tota
509 1831 682 1895 piotura
704 1843 801 1874 non
820 1823 965 1874 solum
981 1843 1078 1873 non
1095 1824 1466 1893 apprehendatur
1475 1842 1523 1872 νε
1535 1829 1582 1871 in
1593 1822 1732 1891 plano
1742 1820 1864 1871 obli-

188 1913 286 1965 quo
302 1894 548 1956 delineata,
560 1893 636 1943 sed
647 1894 771 1944 velut
782 1908 903 1943 extra
923 1892 1131 1944 tabulam
1150 1898 1416 1962 prominens
1431 1892 1541 1943 &ad
1552 1897 1710 1940 viuum
1722 1909 1864 1959 quan-

189 1970 289 2024 tum
306 1969 500 2033 cogitari
514 1964 666 2033 po‘test
681 1964 879 2034 expressa
890 1962 1106 2012 videatur.
1117 1968 1174 2012 Et
1188 1962 1268 2010 ista
1287 1962 1478 2030 quidem
1489 1958 1783 2029 telescopiola
1793 1979 1868 2008 or-

189 2034 362 2083 dinaria
382 2032 482 2081 sunt
501 2044 544 2083 &
561 2033 912 2082 constructionis
927 2029 1092 2081 vfitatae
1114 2052 1166 2081 ex
1183 2030 1306 2080 lente
1325 2040 1414 2087 vna
1431 2037 1638 2080 connexa
1658 2039 1703 2079 &
1725 2028 1868 2078 altera

188 2122 303 2153 caua
319 2119 419 2171 quae
437 2100 621 2152 obieeta
634 2103 682 2149 iri
697 2107 886 2171 proprio
903 2099 990 2150 situ
1009 2102 1258 2153 constituta
1276 2098 1514 2151 exhibent‚·
1526 2097 1601 2148 sed
1622 2097 1708 2147 alia
1726 2095 1865 2147 etiam

190 2170 373 2241 possunt
391 2170 601 2220 adhiberi
653 2190 717 2220 uae
736 2169 855 2220 fiunt
874 2169 898 2218 ὲ
916 2169 1092 2219 duabus
1117 2165 1319 2219 lentibus
1348 2172 1564 2218 conuexis
1585 2185 1693 2217 cum
1711 2166 1865 2236 aliqua

191 2244 495 2310 proportione
513 2189 649 2289 simu(l
665 2244 828 2289 iunCtis
840 2280 853 2300 ,
872 2252 1069 2308 quarum
1095 2239 1283 2289 effeetus
1312 2239 1376 2286 est
1391 2255 1440 2286 vt
1457 2235 1594 2287 {itum
1613 2254 1796 2286 mutent
1818 2240 1868 2283 in

190 2307 384 2358 obieffls
400 2307 500 2358 visis
512 2349 524 2371 ‚
549 2319 595 2359 &
613 2307 840 2377 supremas
863 2318 1010 2377 partes
1027 2308 1207 2357 infimas
1218 2348 1231 2369 ,
1247 2306 1422 2356 dextras
1438 2305 1631 2356 sinistras
1648 2315 1692 2356 δε
1713 2304 1864 2353 econ-

192 2396 260 2429 tra
274 2374 618 2447 repraesentent‚
630 2377 761 2447 quod
782 2376 906 2427 certe
922 2376 980 2426 ad
1001 2376 1248 2427 celandum
1264 2393 1342 2424 aut
1360 2375 1700 2424 inuoluendum
1717 2378 1865 2442 magis

194 2448 378 2496 istarum
394 2452 735 2515 proieffionum
751 2444 996 2496 artificium
1023 2446 1223 2495 multum
1248 2445 1509 2494 conducere
1535 2442 1649 2492 mihi
1671 2442 1868 2502 videtur,

192 2516 303 2565 dum
322 2521 446 2565 enirn
466 2514 690 2565 eiusmodi
709 2513 963 2585 designatio
989 2516 1296 2565 institueretur
1321 2511 1475 2562 euerso
1502 2510 1610 2574 situ,
1625 2515 1868 2561 minimam

193 2583 405 2655 profecto
423 2590 488 2635 rei
502 2585 690 2635 alicuius
707 2602 786 2633 aut
804 2589 1016 2655 imaginis
1045 2583 1166 2634 bene
1191 2581 1420 2651 descriptae
1446 2580 1646 2651 speciem
1680 2576 1868 2628 exhibea

194 2672 264 2703 ret
283 2681 295 2714 ·,
312 2651 397 2702 nisi
422 2673 529 2704 cum
555 2673 636 2722 per
662 2651 879 2702 tubulum
907 2658 1057 2703 creora
1086 2654 1337 2714 videretur,
1353 2662 1397 2702 &
1420 2653 1671 2702 adiestitias
1699 2646 1868 2717 figuras

196 2723 421 2791 pingendi
437 2728 660 2773 maiorem
679 2720 941 2771 libertatem
958 2724 1086 2773 daret
1103 2750 1115 2784 3
1139 2719 1215 2772 sed
1234 2723 1314 2771 ista
1332 2726 1497 2790 opticis
1516 2717 1671 2768 sedulo
1699 2721 1867 2765 riman-

197 2791 256 2840 da
273 2796 379 2840 &in
405 2797 579 2861 praxim
608 2791 883 2841 deducenda
903 2791 1205 2863 relinquimus
1221 2822 1235 2850 ,
1261 2809 1319 2840 ne
1344 2789 1527 2861 longius
1553 2787 1667 2837 vltra
1690 2801 1865 2834 metam

197 2879 431 2910 excurrere
447 2860 695 2912 videamur⁴⁵

468 2982 1147 3053 co‘Ror‘LARwM
1221 2984 1581 3051 SEX-svm·

258 3152 261 3155 “
324 3144 367 3190 Χ
385 3137 518 3188 dietis·
529 3145 578 3188 in
593 3139 680 3189 hac
699 3137 1012 3209 pr'opofitione
1039 3104 1160 3188 bene
1183 3138 1334 3208 potest
1353 3136 1498 3185 led‘tor
1521 3133 1762 3183 industrius
1788 3131 1869 3179 ad-

198 3137 502 3277 Euertiffe
519 3209 650 3280 quod
667 3210 724 3258 de
743 3209 877 3278 plana
894 3207 1064 3258 tabella
1079 3225 1327 3277 prototypa
1333 3207 1374 3278 s
1370 3220 1479 3258 uxt,
1491 3203 1550 3251 ad
1559 3206 1780 3280 parietem
1789 3199 1867 3278 de-

200 3283 493 3332 lineatorium
508 3276 706 3348 appensa
725 3279 942 3332 diximus,
964 3279 1088 3346 poffe
1116 3274 1289 3325 seruata
1315 3276 1615 3345 proportione
1641 3287 1780 3319 etiam
1800 3286 1869 3317 me

203 3350 350 3419 telligi
367 3348 425 3398 de
450 3365 740 3417 quocunque
766 3346 954 3398 obiecto
987 3343 1224 3421 proposito
1251 3342 1344 3421 siue
1363 3357 1637 3459 prototygo,
1651 3344 1793 3470 {giam
1816 3338 1875 3388 de
