2498 3898
659 214 913 264 LIBER
987 214 1333 266 PRIMVS.
1775 230 1855 273 109

185 285 621 356 perpendicularibus
636 321 648 343 ,
671 301 766 354 quae
785 282 978 352 proinde
999 301 1154 331 omnes
1170 288 1217 331 in
1245 279 1575 352 scenographia
1608 283 1778 333 debent
1801 287 1857 334 ad

184 361 407 424 puncstum
424 358 684 423 primarium
705 357 772 412 X,
794 352 923 403 simul
956 370 1217 400 concurrere
1241 390 1254 411 ,
1281 371 1357 420 per
1386 353 1617 419 septimam
1644 352 1857 420 propofi-

184 429 355 474 tionem
374 426 518 472 huius.
539 426 606 470 Ex
626 423 971 472 accommodata
993 424 1128 490 igitur
1155 422 1212 468 ad
1245 418 1533 490 prospedtum
1557 423 1856 490 icnographia

182 494 427 542 educentur
452 489 628 541 diuersa:
647 491 924 539 altitudines
941 527 954 547 ,
1002 508 1051 539 vt
1075 494 1120 537 in
1146 486 1441 557 superioribus
1462 530 1475 545 ,
1501 494 1643 537 immo
1679 486 1850 539 facilius

179 579 366 631 propter
384 562 561 610 istarum
593 564 797 608 omnium
825 560 1040 607 linearum
1065 559 1122 606 ad
1147 562 1369 626 punCtum
1394 557 1637 627 principale
1666 576 1854 607 concut-

179 630 274 680 sum
294 652 304 686 3
325 632 510 680 dustam
541 634 664 678 enim
696 647 738 677 v.
775 648 818 698 g.
845 626 1145 676 es'ummitate
1168 629 1366 677 verticali
1393 630 1538 676 loricae
1564 628 1668 677 valli
1687 629 1852 676 lineam

180 704 215 749 E
228 722 269 760 e,
287 701 345 749 ad
362 702 582 765 punstum
602 697 871 766 principale,
887 694 921 743 si
940 696 1046 746 velis
1063 700 1297 746 terminare
1327 695 1572 746 secundum
1600 697 1854 767 longitudi-

175 785 280 818 'nem
300 769 384 817 tibi
399 767 457 816 ab
475 765 777 838 icnogtaphia
793 763 1095 835 designatam,
1113 767 1318 817 ducenda
1344 767 1430 814 tibi
1453 768 1512 814 est
1542 767 1743 832 parallela
1769 766 1851 826 fib,

177 839 315 907 vsque
331 836 388 884 ad
406 837 714 906 ortographiae
729 836 915 891 lineam,
929 835 1344 899 aduertendumque
1361 834 1550 884 Vbinam
1559 835 1627 902 fd
1638 872 1650 892 ,
1670 834 1693 882 ἐ
1711 836 1848 901 plano

173 907 332 955 educta
347 902 457 954 secet
478 905 580 965 bY,
597 909 810 954 nimitum
829 908 876 952 in
891 905 938 957 d,
959 904 981 950 a
1004 920 1100 973 quo
1125 904 1324 952 ducenda
1344 904 1402 951 est
1425 902 1510 951 alia
1530 903 1756 970 parallela,
1774 903 1834 953 vs
1837 933 1850 942 ν

175 994 262 1046 que
279 975 385 1023 dum
405 975 572 1023 lineam
590 977 625 1023 E
638 995 682 1032 e,
695 972 807 1022 secet
821 977 870 1020 in
887 973 1020 1027 e-,vbi
1039 972 1361 1022 determinabit
1379 973 1717 1042 longitudinem
1731 991 1853 1042 quae.

171 1047 301 1095 litam
320 1066 329 1093 :
348 1041 547 1092 similiter
568 1059 696 1112 potes
719 1052 763 1092 &
784 1044 830 1090 in
853 1044 1016 1090 caeteris
1035 1061 1097 1110 op
1107 1047 1233 1098 erari,
1255 1059 1305 1090 vt
1326 1039 1570 1090 subieEth
1590 1044 1729 1090 oculis
1750 1043 1849 1091 dia-

173 1132 376 1184 gramma
393 1110 497 1161 satis
514 1111 710 1180 expresse
729 1114 882 1159 innuit
905 1149 917 1169 ,
945 1114 1007 1158 ita
1035 1128 1087 1158 Vt
1118 1110 1486 1180 superuacaneum
1516 1110 1597 1160 csse
1624 1111 1849 1160 videretur

168 1202 248 1251 per
269 1185 426 1229 omnia
441 1179 701 1252 singillatim
720 1180 921 1229 membra
937 1179 1198 1233 discurrere‚-
1217 1185 1364 1229 immo
1396 1190 1439 1229 δε
1470 1177 1663 1228 studioso
1690 1180 1847 1228 lestori

168 1252 268 1320 plus
287 1250 408 1298 haud
429 1250 565 1299 dubie
582 1251 700 1315 taedij
726 1248 862 1319 quam
881 1248 1086 1298 Vtilitatis
1105 1251 1150 1299 id
1170 1251 1367 1307 afferret,
1389 1249 1423 1297 si
1442 1249 1629 1319 quidem
1651 1268 1702 1296 ex
1734 1268 1846 1316 prae-

169 1319 425 1369 cedentibus
442 1337 660 1390 magnam
681 1318 763 1367 sibi
781 1317 1043 1368 facilitatem
1065 1322 1111 1366 in
1129 1320 1212 1369 hac
1232 1322 1354 1385 praxi
1374 1317 1646 1386 comparasse
1663 1318 1847 1367 creden-

168 1389 248 1437 dus
272 1389 345 1437 est.

241 1461 397 1506 Paucis
422 1475 532 1528 ergo
551 1457 739 1525 expedio
763 1463 894 1527 quod
915 1458 1103 1529 superest
1122 1459 1234 1504 circa
1253 1454 1492 1505 secundum
1511 1459 1640 1505 huius
1660 1458 1847 1507 Tabulae

169 1545 246 1574 20.
272 1528 545 1595 exemplum,
575 1527 704 1595 quod
721 1527 805 1575 tibi
832 1536 878 1579 in
908 1531 1230 1598 diagrammate
1258 1532 1295 1574 X
1312 1529 1516 1576 XXIII.
1547 1532 1844 1594 proponitur,

164 1591 393 1663 refertque
410 1595 747 1664 propugnacula
765 1595 858 1647 duo
879 1598 1153 1647 munimenti
1177 1594 1386 1663 regularis
1413 1601 1670 1664 pentagoni
1696 1602 1847 1645 maio-

163 1666 220 1709 ris
238 1664 416 1713 ordinis
431 1703 444 1724 ,
462 1681 514 1713 vt
534 1664 747 1723 diximu5‚
767 1682 818 1711 ex
838 1668 1005 1719 Adami
1023 1662 1194 1714 Fritach
1216 1663 1441 1711 methodo
1463 1666 1706 1713 construdti
1722 1667 1846 1713 :val-

163 1730 256 1780 lum
273 1732 575 1782 nihilominus
595 1729 740 1781 solum
760 1734 1103 1788 delineauimuS,
1129 1727 1299 1802 absque
1317 1730 1545 1782 succintstu
1563 1729 1632 1780 seu
1649 1734 1755 1781 valli
1773 1738 1843 1781 in-

163 1798 336 1849 ferioris
352 1802 645 1851 ambulachro
656 1837 669 1859 ,
680 1803 937 1875 caeterisque
955 1808 1001 1853 in
1020 1804 1344 1873 diagrammate
1365 1800 1580 1869 superiori
1601 1806 1646 1850 X
1657 1806 1702 1850 X
1716 1806 1840 1852 XII,

164 1869 366 1937 expreffis
380 1910 393 1931 ‚
412 1885 599 1939 propter
616 1872 806 1941 angusta
819 1877 953 1922 nimis
969 1873 1042 1921 hic
1060 1869 1217 1938 spatia,
1246 1870 1367 1919 vnde
1388 1881 1430 1919 &
1452 1871 1670 1920 eiusmodi
1693 1888 1849 1940 partes·

166 1938 300 1988 valde
316 1941 1042 2012 contraherentur‚proptereaque
1054 1939 1231 1989 difficile
1240 1939 1490 1988 admodum
1499 1940 1681 2008 poffent
1693 1946 1844 2010 expri-

162 2010 223 2054 mi
246 2030 256 2062 ς
281 2027 332 2056 ex
357 2013 408 2057 iis
425 2026 578 2057 tamen
596 2025 692 2077 quae
709 2010 1075 2061 adumbrauimus
1096 2006 1197 2056 satis
1224 2006 1512 2057 coonoscitur
1532 2011 1651 2058 idem
1663 2014 1842 2077 penitus

162 2075 245 2125 esse
268 2075 356 2126 siue
382 2094 559 2146 partem
582 2083 859 2129 munimenti
883 2080 1198 2129 delineandam
1224 2051 1455 2146 suffiip'ias,
1477 2078 1566 2127 siue
1595 2095 1746 2126 toturn
1769 2084 1843 2146 ip—

160 2143 251 2194 sum
275 2151 612 2196 munimentum
627 2147 895 2198 adumbrare
912 2150 1021 2199 velis
1044 2170 1054 2203 3
1076 2149 1249 2217 vbique
1268 2153 1390 2195 enim
1412 2167 1462 2195 ex
1483 2148 1597 2196 datis
1625 2145 1840 2196 mensuris

160 2213 426 2265 delineanda
441 2220 742 2285 icnographia
761 2219 843 2272 est3
864 2218 1048 2276 deinde,
1069 2235 1146 2284 per
1169 2220 1356 2285 primam
1378 2219 1507 2266 huius
1521 2256 1534 2274 ,
1559 2217 1841 2265 contrahen-

161 2281 217 2328 da
238 2282 309 2331 seu
328 2286 384 2332 ad
405 2281 690 2352 prospeetum
708 2287 1105 2335 accommodanda
1118 2306 1193 2343 ,ex
1212 2302 1301 2354 qua
1320 2287 1501 2335 demum
1523 2284 1842 2355 scenographi-

161 2349 208 2396 (τέ
231 2351 452 2401 delineata
466 2350 643 2402 diuersae
672 2353 932 2403 altitudines
962 2355 1230 2412 educentur,
1249 2370 1441 2423 quatum
1468 2354 1680 2405 mensurae
1707 2355 1839 2402 reales

159 2417 216 2465 ad
238 2420 348 2469 latus
371 2424 700 2471 constituentur
716 2442 756 2473 v.
819 2462 828 2472 .
848 2429 894 2472 in
919 2425 1033 2472 linea
1052 2422 1136 2482 ab,
1156 2441 1206 2473 vt
1227 2442 1277 2470 ex
1307 2425 1356 2470 ea
1381 2423 1459 2470 fiat
1490 2423 1601 2472 scala
1630 2440 1842 2492 ortogra-

157 2487 318 2553 phica,
353 2490 735 2561 desumanturque
763 2443 820 2541 αἱ
854 2491 947 2562 ipsa
976 2492 1230 2542 differentes
1263 2510 1345 2560 pro
1366 2497 1499 2541 ‘vario
1527 2489 1610 2540 situ
1642 2491 1839 2540 altitudi-

155 2573 232 2605 nes
250 2576 513 2627 apparentes
535 2582 543 2609 :
561 2558 636 2608 sed
654 2560 748 2610 haec
768 2562 865 2631 plus
890 2560 1015 2622 satiS,
1031 2563 1222 2632 quando
1265 2561 1415 2609 uidem
1435 2561 1722 2631 propositum
1747 2561 1839 2608 dia-

153 2642 357 2692 gramma
375 2630 622 2679 distincstius
638 2633 795 2680 omnia
814 2635 1046 2700 exprimit,
1069 2648 1209 2701 quam
1256 2630 1391 2681 usiori
1409 2632 1560 2702 aliqua
1579 2630 1837 2698 explicati07

154 2710 212 2740 ne
231 2697 485 2767 indigeant.
1826 2698 1829 2699 ⁷

657 2842 1343 2893 COROLLARIVM.

155 2969 387 3104 INutile
402 2977 492 3023 iarn
512 2972 615 3024 esset
634 2995 684 3025 ac
704 2976 1082 3046 superuacaneum
1110 2980 1289 3048 plurain
1302 2977 1498 3027 medium
1509 2979 1706 3046 exempla
1725 2993 1830 3046 pro»

231 3038 751 3113 ferre,quandoquidem
770 3067 822 3095 ex
844 3052 896 3096 iis
921 3066 1020 3119 quae
1038 3050 1299 3098 lineauimus
1319 3057 1362 3097 δε
1377 3046 1573 3097 difficilia
1592 3046 1693 3095 satis
1714 3047 1824 3094 mihi

150 3110 385 3167 videntur,
394 3114 540 3180 potest
560 3113 780 3163 studiosus
797 3118 941 3167 lecitor
964 3118 1228 3169 sufficienter
1247 3118 1423 3166 edoceri
1440 3117 1498 3165 ad
1515 3119 1828 3187 quodcunque

151 3179 380 3228 obitorum
409 3200 460 3228 ex
491 3179 826 3254 scenographiae
852 3187 1025 3256 legibus
1049 3187 1441 3244 contrahendum,
1462 3187 1604 3233 modo
1635 3183 1748 3232 illius
1782 3193 1828 3234 δε

152 3250 499 3317 icnographiam
522 3261 566 3301 δε
586 3257 937 3323 ortographiam
957 3256 1182 3315 habuerit,
1207 3274 1306 3325 quae
1323 3275 1373 3303 ex
1401 3250 1596 3321 ipsomet
1623 3253 1824 3308 obiecto,

151 3318 184 3365 si
201 3317 420 3377 adfuerit,
437 3318 608 3370 desumi
626 3323 800 3390 potest,
819 3324 888 3374 vel
916 3344 967 3373 ex
994 3326 1107 3375 illius
1133 3324 1349 3375 mensuris
1380 3333 1422 3373 δε
1445 3321 1823 3390 proportionibus

1500 3396 1544 3440 O
1618 3394 1664 3456 iij
