<?xml version="1.0" encoding="UTF-8"?>
<!DOCTYPE html PUBLIC "-//W3C//DTD XHTML 1.0 Transitional//EN"
    "http://www.w3.org/TR/xhtml1/DTD/xhtml1-transitional.dtd">
<html xmlns="http://www.w3.org/1999/xhtml" xml:lang="en" lang="en">
 <head>
  <title>
</title>
<meta http-equiv="Content-Type" content="text/html;charset=utf-8" />
  <meta name='ocr-system' content='tesseract 3.04.00' />
  <meta name='ocr-capabilities' content='ocr_page ocr_carea ocr_par ocr_line ocrx_word'/>
</head>
<body>
  <div class='ocr_page' id='page_1' title='image "./rpioannisfrancis00nice_0136.png"; bbox 0 0 2498 3898; ppageno 0'>
   <div class='ocr_carea' id='block_1_1' title="bbox 605 196 2295 1574">
    <p class='ocr_par' dir='ltr' id='par_1_1' title="bbox 606 196 1963 256">
     <span class='ocr_line' id='line_1_1' title="bbox 606 196 1963 256; baseline 0.003 -14"><span class='ocrx_word' id='word_1_1' title='bbox 606 198 670 256; x_wconf 66' lang='lat'>94</span> <span class='ocrx_word' id='word_1_2' title='bbox 886 196 1554 247; x_wconf 80' lang='lat' dir='ltr'>THAVMATVRGI</span> <span class='ocrx_word' id='word_1_3' title='bbox 1633 198 1963 246; x_wconf 84' lang='lat' dir='ltr'>OPTICI</span> 
     </span>
    </p>

    <p class='ocr_par' dir='ltr' id='par_1_2' title="bbox 605 260 2287 884">
     <span class='ocr_line' id='line_1_2' title="bbox 605 260 2284 333; baseline 0.001 -21"><span class='ocrx_word' id='word_1_4' title='bbox 605 270 653 312; x_wconf 85' lang='lat' dir='ltr'>in</span> <span class='ocrx_word' id='word_1_5' title='bbox 674 260 1001 332; x_wconf 82' lang='lat' dir='ltr'>scenographia</span> <span class='ocrx_word' id='word_1_6' title='bbox 1032 264 1162 313; x_wconf 87' lang='lat' dir='ltr'>solidi</span> <span class='ocrx_word' id='word_1_7' title='bbox 1195 263 1369 331; x_wconf 76' lang='lat' dir='ltr'><strong>septimi</strong></span> <span class='ocrx_word' id='word_1_8' title='bbox 1389 288 1400 319; x_wconf 89' lang='lat'>‚·</span> <span class='ocrx_word' id='word_1_9' title='bbox 1419 270 1608 333; x_wconf 78' lang='lat' dir='ltr'>prim-im</span> <span class='ocrx_word' id='word_1_10' title='bbox 1639 280 1749 314; x_wconf 80' lang='lat' dir='ltr'>vero</span> <span class='ocrx_word' id='word_1_11' title='bbox 1787 267 2074 315; x_wconf 79' lang='lat' dir='ltr'>altitudinem</span> <span class='ocrx_word' id='word_1_12' title='bbox 2113 263 2284 313; x_wconf 86' lang='lat' dir='ltr'>realem</span> 
     </span>
     <span class='ocr_line' id='line_1_3' title="bbox 605 331 2287 405; baseline -0.001 -25"><span class='ocrx_word' id='word_1_13' title='bbox 605 331 875 401; x_wconf 83' lang='lat' dir='ltr'>angulorum</span> <span class='ocrx_word' id='word_1_14' title='bbox 896 333 1140 383; x_wconf 87' lang='lat' dir='ltr'>solidorum</span> <span class='ocrx_word' id='word_1_15' title='bbox 1160 332 1282 401; x_wconf 88' lang='lat' dir='ltr'>super</span> <span class='ocrx_word' id='word_1_16' title='bbox 1303 354 1376 405; x_wconf 79' lang='lat' dir='ltr'>op,</span> <span class='ocrx_word' id='word_1_17' title='bbox 1393 334 1476 383; x_wconf 82' lang='lat' dir='ltr'>effe</span> <span class='ocrx_word' id='word_1_18' title='bbox 1495 333 1631 389; x_wconf 42' lang='lat' dir='ltr'>alain</span> <span class='ocrx_word' id='word_1_19' title='bbox 1651 335 1960 404; x_wconf 72' lang='lat' dir='ltr'>ortographiae</span> <span class='ocrx_word' id='word_1_20' title='bbox 1988 331 2287 387; x_wconf 64' lang='lat' dir='ltr'>lineajsecun-</span> 
     </span>
     <span class='ocr_line' id='line_1_4' title="bbox 606 400 2285 474; baseline -0.001 -26"><span class='ocrx_word' id='word_1_21' title='bbox 606 402 712 448; x_wconf 86' lang='lat' dir='ltr'>dam</span> <span class='ocrx_word' id='word_1_22' title='bbox 731 420 804 455; x_wconf 81' lang='lat' dir='ltr'>ac,</span> <span class='ocrx_word' id='word_1_23' title='bbox 831 412 874 450; x_wconf 85' lang='lat'>&amp;</span> <span class='ocrx_word' id='word_1_24' title='bbox 896 402 1101 450; x_wconf 89' lang='lat' dir='ltr'>eamdem</span> <span class='ocrx_word' id='word_1_25' title='bbox 1125 400 1248 469; x_wconf 88' lang='lat' dir='ltr'>super</span> <span class='ocrx_word' id='word_1_26' title='bbox 1267 407 1490 471; x_wconf 56' lang='lat' dir='ltr'>punitum</span> <span class='ocrx_word' id='word_1_27' title='bbox 1509 422 1539 464; x_wconf 70' lang='lat' dir='ltr'><em>z</em></span> <span class='ocrx_word' id='word_1_28' title='bbox 1562 402 1650 455; x_wconf 79' lang='lat' dir='ltr'>3ad</span> <span class='ocrx_word' id='word_1_29' title='bbox 1670 422 1772 451; x_wconf 82' lang='lat' dir='ltr'>vero</span> <span class='ocrx_word' id='word_1_30' title='bbox 1792 409 2018 474; x_wconf 81' lang='lat' dir='ltr'>integram</span> <span class='ocrx_word' id='word_1_31' title='bbox 2048 405 2188 449; x_wconf 86' lang='lat' dir='ltr'>totius</span> <span class='ocrx_word' id='word_1_32' title='bbox 2215 400 2285 448; x_wconf 80' lang='lat' dir='ltr'>so-</span> 
     </span>
     <span class='ocr_line' id='line_1_5' title="bbox 605 469 2283 540; baseline -0.001 -24"><span class='ocrx_word' id='word_1_33' title='bbox 605 470 683 517; x_wconf 85' lang='lat' dir='ltr'>lidi</span> <span class='ocrx_word' id='word_1_34' title='bbox 697 469 982 518; x_wconf 73' lang='lat' dir='ltr'>altitudinem</span> <span class='ocrx_word' id='word_1_35' title='bbox 998 508 1009 527; x_wconf 90' lang='lat'>,</span> <span class='ocrx_word' id='word_1_36' title='bbox 1032 487 1130 539; x_wconf 66' lang='lat' dir='ltr'>quse</span> <span class='ocrx_word' id='word_1_37' title='bbox 1157 471 1379 521; x_wconf 86' lang='lat' dir='ltr'>diminuta</span> <span class='ocrx_word' id='word_1_38' title='bbox 1407 473 1618 520; x_wconf 83' lang='lat' dir='ltr'>statuetur</span> <span class='ocrx_word' id='word_1_39' title='bbox 1646 469 1771 540; x_wconf 85' lang='lat' dir='ltr'>super</span> <span class='ocrx_word' id='word_1_40' title='bbox 1790 478 1959 539; x_wconf 64' lang='lat' dir='ltr'>puncta</span> <span class='ocrx_word' id='word_1_41' title='bbox 1980 491 2041 520; x_wconf 76' lang='lat' dir='ltr'>aa</span> <span class='ocrx_word' id='word_1_42' title='bbox 2057 469 2117 519; x_wconf 73' lang='lat' dir='ltr'>bb</span> <span class='ocrx_word' id='word_1_43' title='bbox 2139 489 2187 516; x_wconf 87' lang='lat' dir='ltr'>cc</span> <span class='ocrx_word' id='word_1_44' title='bbox 2203 470 2283 524; x_wconf 84' lang='lat' dir='ltr'>dd,</span> 
     </span>
     <span class='ocr_line' id='line_1_6' title="bbox 607 539 2281 611; baseline -0.002 -23"><span class='ocrx_word' id='word_1_45' title='bbox 607 555 656 588; x_wconf 85' lang='lat' dir='ltr'>vt</span> <span class='ocrx_word' id='word_1_46' title='bbox 674 539 774 585; x_wconf 89' lang='lat' dir='ltr'>satis</span> <span class='ocrx_word' id='word_1_47' title='bbox 793 543 1051 606; x_wconf 75' lang='lat' dir='ltr'>exprimitur</span> <span class='ocrx_word' id='word_1_48' title='bbox 1071 545 1115 587; x_wconf 86' lang='lat' dir='ltr'>in</span> <span class='ocrx_word' id='word_1_49' title='bbox 1138 540 1464 609; x_wconf 80' lang='lat' dir='ltr'>diagrammate</span> <span class='ocrx_word' id='word_1_50' title='bbox 1483 539 1610 589; x_wconf 89' lang='lat' dir='ltr'>solidi</span> <span class='ocrx_word' id='word_1_51' title='bbox 1638 559 1826 588; x_wconf 89' lang='lat' dir='ltr'>numero</span> <span class='ocrx_word' id='word_1_52' title='bbox 1852 561 1878 601; x_wconf 92' lang='lat'>7</span> <span class='ocrx_word' id='word_1_53' title='bbox 1905 539 2139 611; x_wconf 82' lang='lat' dir='ltr'>designati,</span> <span class='ocrx_word' id='word_1_54' title='bbox 2152 539 2281 607; x_wconf 86' lang='lat' dir='ltr'>quod</span> 
     </span>
     <span class='ocr_line' id='line_1_7' title="bbox 607 607 2281 660; baseline 0 -6"><span class='ocrx_word' id='word_1_55' title='bbox 607 610 779 655; x_wconf 87' lang='lat' dir='ltr'>nudum</span> <span class='ocrx_word' id='word_1_56' title='bbox 798 617 842 655; x_wconf 72' lang='grc' dir='ltr'>δε</span> <span class='ocrx_word' id='word_1_57' title='bbox 870 607 994 655; x_wconf 86' lang='lat' dir='ltr'>nulla</span> <span class='ocrx_word' id='word_1_58' title='bbox 1020 607 1199 656; x_wconf 88' lang='lat' dir='ltr'>luminis</span> <span class='ocrx_word' id='word_1_59' title='bbox 1223 627 1300 657; x_wconf 82' lang='lat' dir='ltr'>aut</span> <span class='ocrx_word' id='word_1_60' title='bbox 1326 610 1497 658; x_wconf 80' lang='lat' dir='ltr'>vmbrae</span> <span class='ocrx_word' id='word_1_61' title='bbox 1527 610 1684 659; x_wconf 87' lang='lat' dir='ltr'>habita</span> <span class='ocrx_word' id='word_1_62' title='bbox 1709 615 1883 658; x_wconf 84' lang='lat' dir='ltr'>ratione</span> <span class='ocrx_word' id='word_1_63' title='bbox 1911 611 2135 660; x_wconf 87' lang='lat' dir='ltr'>voluimus</span> <span class='ocrx_word' id='word_1_64' title='bbox 2162 607 2281 654; x_wconf 83' lang='lat' dir='ltr'>deli-</span> 
     </span>
     <span class='ocr_line' id='line_1_8' title="bbox 608 672 2282 750; baseline 0 -27"><span class='ocrx_word' id='word_1_65' title='bbox 608 694 762 733; x_wconf 86' lang='lat' dir='ltr'>neare,</span> <span class='ocrx_word' id='word_1_66' title='bbox 780 692 830 723; x_wconf 90' lang='lat' dir='ltr'>vt</span> <span class='ocrx_word' id='word_1_67' title='bbox 850 679 897 722; x_wconf 89' lang='lat' dir='ltr'>in</span> <span class='ocrx_word' id='word_1_68' title='bbox 923 695 977 723; x_wconf 81' lang='lat' dir='ltr'>eo</span> <span class='ocrx_word' id='word_1_69' title='bbox 1005 672 1175 724; x_wconf 78' lang='lat' dir='ltr'>facilius</span> <span class='ocrx_word' id='word_1_70' title='bbox 1197 678 1501 726; x_wconf 83' lang='lat' dir='ltr'>discernantur</span> <span class='ocrx_word' id='word_1_71' title='bbox 1527 680 1785 728; x_wconf 81' lang='lat' dir='ltr'>altitudines</span> <span class='ocrx_word' id='word_1_72' title='bbox 1815 678 2174 750; x_wconf 81' lang='lat' dir='ltr'>scenographicae</span> <span class='ocrx_word' id='word_1_73' title='bbox 2203 693 2282 723; x_wconf 65' lang='lat' dir='ltr'>ea⁴</span> 
     </span>
     <span class='ocr_line' id='line_1_9' title="bbox 606 739 2280 815; baseline -0.001 -23"><span class='ocrx_word' id='word_1_74' title='bbox 606 760 798 812; x_wconf 86' lang='lat' dir='ltr'>rumque</span> <span class='ocrx_word' id='word_1_75' title='bbox 814 748 861 792; x_wconf 90' lang='lat' dir='ltr'>in</span> <span class='ocrx_word' id='word_1_76' title='bbox 878 739 992 792; x_wconf 88' lang='lat' dir='ltr'>scala</span> <span class='ocrx_word' id='word_1_77' title='bbox 1009 749 1143 815; x_wconf 87' lang='lat' dir='ltr'>origo</span> <span class='ocrx_word' id='word_1_78' title='bbox 1162 750 1450 814; x_wconf 85' lang='lat' dir='ltr'>percipiatur,</span> <span class='ocrx_word' id='word_1_79' title='bbox 1474 765 1524 796; x_wconf 82' lang='lat' dir='ltr'>vt</span> <span class='ocrx_word' id='word_1_80' title='bbox 1548 745 1673 797; x_wconf 86' lang='lat' dir='ltr'>facile</span> <span class='ocrx_word' id='word_1_81' title='bbox 1692 748 1750 795; x_wconf 88' lang='lat' dir='ltr'>est</span> <span class='ocrx_word' id='word_1_82' title='bbox 1765 748 2065 797; x_wconf 82' lang='lat' dir='ltr'>mediantibus</span> <span class='ocrx_word' id='word_1_83' title='bbox 2086 745 2280 814; x_wconf 79' lang='lat' dir='ltr'>paralle—</span> 
     </span>
     <span class='ocr_line' id='line_1_10' title="bbox 607 812 2045 884; baseline 0.003 -25"><span class='ocrx_word' id='word_1_84' title='bbox 607 812 663 859; x_wconf 90' lang='lat' dir='ltr'>lis</span> <span class='ocrx_word' id='word_1_85' title='bbox 685 829 874 880; x_wconf 88' lang='lat' dir='ltr'>quarum</span> <span class='ocrx_word' id='word_1_86' title='bbox 892 816 1135 863; x_wconf 88' lang='lat' dir='ltr'>nonnullas</span> <span class='ocrx_word' id='word_1_87' title='bbox 1156 820 1291 865; x_wconf 87' lang='lat' dir='ltr'>etiam</span> <span class='ocrx_word' id='word_1_88' title='bbox 1310 816 1366 863; x_wconf 86' lang='lat' dir='ltr'>ad</span> <span class='ocrx_word' id='word_1_89' title='bbox 1385 815 1507 864; x_wconf 86' lang='lat' dir='ltr'>hunc</span> <span class='ocrx_word' id='word_1_90' title='bbox 1525 814 1734 864; x_wconf 61' lang='lat' dir='ltr'>effecitum</span> <span class='ocrx_word' id='word_1_91' title='bbox 1754 815 2045 884; x_wconf 81' lang='lat' dir='ltr'>expressimus.</span> 
     </span>
    </p>

    <p class='ocr_par' dir='ltr' id='par_1_3' title="bbox 609 881 2295 1574">
     <span class='ocr_line' id='line_1_11' title="bbox 679 881 2286 955; baseline 0.001 -27"><span class='ocrx_word' id='word_1_92' title='bbox 679 882 879 932; x_wconf 82' lang='lat' dir='ltr'>Sufficere</span> <span class='ocrx_word' id='word_1_93' title='bbox 907 881 999 931; x_wconf 83' lang='lat' dir='ltr'>haec</span> <span class='ocrx_word' id='word_1_94' title='bbox 1025 883 1291 933; x_wconf 86' lang='lat' dir='ltr'>videbantur</span> <span class='ocrx_word' id='word_1_95' title='bbox 1316 885 1373 932; x_wconf 91' lang='lat' dir='ltr'>ad</span> <span class='ocrx_word' id='word_1_96' title='bbox 1404 884 1747 955; x_wconf 82' lang='lat' dir='ltr'>intelligendam</span> <span class='ocrx_word' id='word_1_97' title='bbox 1785 885 2031 934; x_wconf 89' lang='lat' dir='ltr'>solidorum</span> <span class='ocrx_word' id='word_1_98' title='bbox 2061 902 2286 954; x_wconf 31' lang='lat' dir='ltr'>quborum-</span> 
     </span>
     <span class='ocr_line' id='line_1_12' title="bbox 609 952 2288 1025; baseline 0.002 -29"><span class='ocrx_word' id='word_1_99' title='bbox 609 958 794 1020; x_wconf 86' lang='lat' dir='ltr'>cunque</span> <span class='ocrx_word' id='word_1_100' title='bbox 810 955 1137 1017; x_wconf 65' lang='lat' dir='ltr'>proiedltionem</span> <span class='ocrx_word' id='word_1_101' title='bbox 1153 953 1243 1002; x_wconf 88' lang='lat' dir='ltr'>siue</span> <span class='ocrx_word' id='word_1_102' title='bbox 1265 954 1660 1025; x_wconf 81' lang='lat' dir='ltr'>scenographiam,</span> <span class='ocrx_word' id='word_1_103' title='bbox 1682 971 1832 1022; x_wconf 86' lang='lat' dir='ltr'>neque</span> <span class='ocrx_word' id='word_1_104' title='bbox 1860 959 1995 1003; x_wconf 89' lang='lat' dir='ltr'>etiam</span> <span class='ocrx_word' id='word_1_105' title='bbox 2019 955 2164 1002; x_wconf 91' lang='lat' dir='ltr'>multo</span> <span class='ocrx_word' id='word_1_106' title='bbox 2185 952 2288 1020; x_wconf 90' lang='lat' dir='ltr'>plu-</span> 
     </span>
     <span class='ocr_line' id='line_1_13' title="bbox 610 1020 2288 1093; baseline -0.001 -25"><span class='ocrx_word' id='word_1_107' title='bbox 610 1037 657 1068; x_wconf 90' lang='lat' dir='ltr'>ra</span> <span class='ocrx_word' id='word_1_108' title='bbox 675 1020 944 1068; x_wconf 87' lang='lat' dir='ltr'>tradideram</span> <span class='ocrx_word' id='word_1_109' title='bbox 963 1023 1009 1067; x_wconf 90' lang='lat' dir='ltr'>in</span> <span class='ocrx_word' id='word_1_110' title='bbox 1026 1026 1169 1089; x_wconf 89' lang='lat' dir='ltr'>prima</span> <span class='ocrx_word' id='word_1_111' title='bbox 1189 1024 1318 1071; x_wconf 89' lang='lat' dir='ltr'>huius</span> <span class='ocrx_word' id='word_1_112' title='bbox 1338 1028 1486 1091; x_wconf 87' lang='lat' dir='ltr'>operis</span> <span class='ocrx_word' id='word_1_113' title='bbox 1506 1024 1729 1081; x_wconf 88' lang='lat' dir='ltr'>editione,</span> <span class='ocrx_word' id='word_1_114' title='bbox 1743 1023 1816 1073; x_wconf 89' lang='lat' dir='ltr'>seu</span> <span class='ocrx_word' id='word_1_115' title='bbox 1832 1028 1980 1093; x_wconf 86' lang='lat' dir='ltr'>potius</span> <span class='ocrx_word' id='word_1_116' title='bbox 2001 1023 2131 1080; x_wconf 83' lang='lat' dir='ltr'>idaea,</span> <span class='ocrx_word' id='word_1_117' title='bbox 2148 1039 2288 1090; x_wconf 87' lang='lat' dir='ltr'>quam</span> 
     </span>
     <span class='ocr_line' id='line_1_14' title="bbox 609 1086 2283 1157; baseline -0.002 -19"><span class='ocrx_word' id='word_1_118' title='bbox 609 1086 853 1157; x_wconf 84' lang='lat' dir='ltr'>vulgabam</span> <span class='ocrx_word' id='word_1_119' title='bbox 880 1094 1059 1140; x_wconf 80' lang='lat' dir='ltr'>Lutetia:</span> <span class='ocrx_word' id='word_1_120' title='bbox 1088 1092 1356 1141; x_wconf 83' lang='lat' dir='ltr'>Parisiorum</span> <span class='ocrx_word' id='word_1_121' title='bbox 1385 1090 1588 1142; x_wconf 88' lang='lat' dir='ltr'>sermone</span> <span class='ocrx_word' id='word_1_122' title='bbox 1617 1093 1860 1141; x_wconf 88' lang='lat' dir='ltr'>vernaculo</span> <span class='ocrx_word' id='word_1_123' title='bbox 1886 1094 1944 1141; x_wconf 85' lang='lat' dir='ltr'>ad</span> <span class='ocrx_word' id='word_1_124' title='bbox 1964 1111 2135 1140; x_wconf 88' lang='lat' dir='ltr'>annum</span> <span class='ocrx_word' id='word_1_125' title='bbox 2158 1100 2206 1138; x_wconf 86' lang='lat'>16</span> <span class='ocrx_word' id='word_1_126' title='bbox 2216 1099 2283 1149; x_wconf 81' lang='lat'>38.</span> 
     </span>
     <span class='ocr_line' id='line_1_15' title="bbox 609 1158 2289 1231; baseline 0.001 -25"><span class='ocrx_word' id='word_1_127' title='bbox 609 1173 764 1206; x_wconf 86' lang='lat' dir='ltr'>verum</span> <span class='ocrx_word' id='word_1_128' title='bbox 783 1175 903 1206; x_wconf 91' lang='lat' dir='ltr'>nunc</span> <span class='ocrx_word' id='word_1_129' title='bbox 933 1167 1087 1210; x_wconf 81' lang='lat' dir='ltr'>Romae</span> <span class='ocrx_word' id='word_1_130' title='bbox 1114 1158 1330 1220; x_wconf 89' lang='lat' dir='ltr'>scribens,</span> <span class='ocrx_word' id='word_1_131' title='bbox 1353 1162 1433 1210; x_wconf 90' lang='lat' dir='ltr'>vbi</span> <span class='ocrx_word' id='word_1_132' title='bbox 1451 1162 1549 1210; x_wconf 87' lang='lat' dir='ltr'>aula</span> <span class='ocrx_word' id='word_1_133' title='bbox 1566 1161 1639 1209; x_wconf 85' lang='lat' dir='ltr'>illa</span> <span class='ocrx_word' id='word_1_134' title='bbox 1665 1178 1802 1231; x_wconf 87' lang='lat' dir='ltr'>quam</span> <span class='ocrx_word' id='word_1_135' title='bbox 1828 1164 2172 1212; x_wconf 86' lang='lat' dir='ltr'>Clementinam</span> <span class='ocrx_word' id='word_1_136' title='bbox 2203 1177 2289 1224; x_wconf 81' lang='lat' dir='ltr'>ap-</span> 
     </span>
     <span class='ocr_line' id='line_1_16' title="bbox 611 1225 2287 1299; baseline 0.001 -27"><span class='ocrx_word' id='word_1_137' title='bbox 611 1225 782 1293; x_wconf 90' lang='lat' dir='ltr'>pellant</span> <span class='ocrx_word' id='word_1_138' title='bbox 801 1225 996 1275; x_wconf 87' lang='lat' dir='ltr'>mirabili</span> <span class='ocrx_word' id='word_1_139' title='bbox 1019 1229 1281 1279; x_wconf 82' lang='lat' dir='ltr'>diuersarum</span> <span class='ocrx_word' id='word_1_140' title='bbox 1291 1234 1626 1299; x_wconf 62' lang='lat' dir='ltr'>proiectionum</span> <span class='ocrx_word' id='word_1_141' title='bbox 1639 1228 1888 1296; x_wconf 61' lang='lat' dir='ltr'>specstaculo</span> <span class='ocrx_word' id='word_1_142' title='bbox 1905 1231 2158 1279; x_wconf 86' lang='lat' dir='ltr'>videntium</span> <span class='ocrx_word' id='word_1_143' title='bbox 2183 1245 2287 1274; x_wconf 79' lang='lat' dir='ltr'>ocu-</span> 
     </span>
     <span class='ocr_line' id='line_1_17' title="bbox 610 1295 2289 1368; baseline 0.001 -27"><span class='ocrx_word' id='word_1_144' title='bbox 610 1295 679 1341; x_wconf 85' lang='lat' dir='ltr'>los</span> <span class='ocrx_word' id='word_1_145' title='bbox 700 1304 742 1342; x_wconf 86' lang='lat'>&amp;</span> <span class='ocrx_word' id='word_1_146' title='bbox 766 1295 1116 1366; x_wconf 85' lang='lat' dir='ltr'>intelligentium</span> <span class='ocrx_word' id='word_1_147' title='bbox 1147 1303 1324 1347; x_wconf 90' lang='lat' dir='ltr'>animos</span> <span class='ocrx_word' id='word_1_148' title='bbox 1352 1300 1487 1348; x_wconf 82' lang='lat' dir='ltr'>allicit</span> <span class='ocrx_word' id='word_1_149' title='bbox 1506 1337 1518 1355; x_wconf 89' lang='lat'>‚</span> <span class='ocrx_word' id='word_1_150' title='bbox 1546 1303 1631 1346; x_wconf 90' lang='lat' dir='ltr'>tria</span> <span class='ocrx_word' id='word_1_151' title='bbox 1649 1298 1885 1368; x_wconf 83' lang='lat' dir='ltr'>sequentia</span> <span class='ocrx_word' id='word_1_152' title='bbox 1914 1296 2162 1347; x_wconf 89' lang='lat' dir='ltr'>solidorum</span> <span class='ocrx_word' id='word_1_153' title='bbox 2186 1297 2289 1344; x_wconf 81' lang='lat' dir='ltr'>dia-</span> 
     </span>
     <span class='ocr_line' id='line_1_18' title="bbox 612 1364 2295 1435; baseline 0.001 -25"><span class='ocrx_word' id='word_1_154' title='bbox 612 1381 881 1433; x_wconf 82' lang='lat' dir='ltr'>grammata,</span> <span class='ocrx_word' id='word_1_155' title='bbox 904 1367 1055 1435; x_wconf 88' lang='lat' dir='ltr'>qualia</span> <span class='ocrx_word' id='word_1_156' title='bbox 1077 1369 1281 1435; x_wconf 82' lang='lat' dir='ltr'>quaedam</span> <span class='ocrx_word' id='word_1_157' title='bbox 1300 1370 1416 1416; x_wconf 87' lang='lat' dir='ltr'>illius</span> <span class='ocrx_word' id='word_1_158' title='bbox 1433 1368 1540 1416; x_wconf 83' lang='lat' dir='ltr'>aulae</span> <span class='ocrx_word' id='word_1_159' title='bbox 1571 1364 1858 1434; x_wconf 65' lang='lat' dir='ltr'>prospestum</span> <span class='ocrx_word' id='word_1_160' title='bbox 1895 1369 2122 1416; x_wconf 83' lang='lat' dir='ltr'>adornant</span> <span class='ocrx_word' id='word_1_161' title='bbox 2158 1364 2295 1432; x_wconf 90' lang='lat' dir='ltr'>supe-</span> 
     </span>
     <span class='ocr_line' id='line_1_19' title="bbox 612 1432 2290 1502; baseline -0.001 -23"><span class='ocrx_word' id='word_1_162' title='bbox 612 1432 806 1480; x_wconf 87' lang='lat' dir='ltr'>rioribus</span> <span class='ocrx_word' id='word_1_163' title='bbox 823 1433 1107 1502; x_wconf 83' lang='lat' dir='ltr'>adiungenda</span> <span class='ocrx_word' id='word_1_164' title='bbox 1126 1435 1290 1494; x_wconf 78' lang='lat' dir='ltr'>censui,</span> <span class='ocrx_word' id='word_1_165' title='bbox 1309 1455 1391 1484; x_wconf 88' lang='lat' dir='ltr'>nec</span> <span class='ocrx_word' id='word_1_166' title='bbox 1415 1436 1660 1483; x_wconf 83' lang='lat' dir='ltr'>iniucunda</span> <span class='ocrx_word' id='word_1_167' title='bbox 1696 1434 1897 1484; x_wconf 82' lang='lat' dir='ltr'>studiosis</span> <span class='ocrx_word' id='word_1_168' title='bbox 1929 1434 2026 1484; x_wconf 85' lang='lat' dir='ltr'>fore</span> <span class='ocrx_word' id='word_1_169' title='bbox 2053 1435 2290 1483; x_wconf 77' lang='lat' dir='ltr'>arbitratus</span> 
     </span>
     <span class='ocr_line' id='line_1_20' title="bbox 612 1497 2291 1574; baseline 0 -27"><span class='ocrx_word' id='word_1_170' title='bbox 612 1497 731 1559; x_wconf 87' lang='lat' dir='ltr'>sum,</span> <span class='ocrx_word' id='word_1_171' title='bbox 751 1505 923 1569; x_wconf 88' lang='lat' dir='ltr'>quippe</span> <span class='ocrx_word' id='word_1_172' title='bbox 941 1520 1038 1570; x_wconf 86' lang='lat' dir='ltr'>quae</span> <span class='ocrx_word' id='word_1_173' title='bbox 1058 1521 1107 1553; x_wconf 87' lang='lat' dir='ltr'>vt</span> <span class='ocrx_word' id='word_1_174' title='bbox 1129 1504 1473 1574; x_wconf 82' lang='lat' dir='ltr'>elegantissima,</span> <span class='ocrx_word' id='word_1_175' title='bbox 1494 1507 1555 1551; x_wconf 88' lang='lat' dir='ltr'>ita</span> <span class='ocrx_word' id='word_1_176' title='bbox 1575 1504 1838 1553; x_wconf 88' lang='lat' dir='ltr'>difficillima</span> <span class='ocrx_word' id='word_1_177' title='bbox 1871 1512 2088 1573; x_wconf 78' lang='lat' dir='ltr'>apparent</span> <span class='ocrx_word' id='word_1_178' title='bbox 2107 1542 2118 1562; x_wconf 89' lang='lat'>,</span> <span class='ocrx_word' id='word_1_179' title='bbox 2147 1502 2193 1549; x_wconf 66' lang='lat' dir='ltr'>eft</span> <span class='ocrx_word' id='word_1_180' title='bbox 2223 1517 2291 1548; x_wconf 69' lang='lat' dir='ltr'>ta-</span> 
     </span>
    </p>
   </div>
   <div class='ocr_carea' id='block_1_2' title="bbox 612 1567 2288 1708">
    <p class='ocr_par' dir='ltr' id='par_1_4' title="bbox 612 1567 2288 1708">
     <span class='ocr_line' id='line_1_21' title="bbox 612 1567 2288 1685; baseline 0 -69"><span class='ocrx_word' id='word_1_181' title='bbox 612 1587 718 1685; x_wconf 57' lang='lat' dir='ltr'>pien</span> <span class='ocrx_word' id='word_1_182' title='bbox 746 1586 886 1638; x_wconf 88' lang='lat' dir='ltr'>quam</span> <span class='ocrx_word' id='word_1_183' title='bbox 919 1568 1210 1641; x_wconf 83' lang='lat' dir='ltr'>praescripturi</span> <span class='ocrx_word' id='word_1_184' title='bbox 1237 1572 1382 1622; x_wconf 85' lang='lat' dir='ltr'>sumus</span> <span class='ocrx_word' id='word_1_185' title='bbox 1400 1612 1412 1632; x_wconf 89' lang='lat'><em>‚</em></span> <span class='ocrx_word' id='word_1_186' title='bbox 1444 1573 1665 1622; x_wconf 88' lang='lat' dir='ltr'>methodo</span> <span class='ocrx_word' id='word_1_187' title='bbox 1691 1571 1837 1622; x_wconf 79' lang='lat' dir='ltr'>facilia</span> <span class='ocrx_word' id='word_1_188' title='bbox 1865 1574 1965 1622; x_wconf 81' lang='lat' dir='ltr'>satis</span> <span class='ocrx_word' id='word_1_189' title='bbox 1996 1571 2146 1622; x_wconf 85' lang='lat' dir='ltr'>futura</span> <span class='ocrx_word' id='word_1_190' title='bbox 2174 1567 2288 1618; x_wconf 70' lang='lat' dir='ltr'>sints</span> 
     </span>
     <span class='ocr_line' id='line_1_22' title="bbox 633 1654 844 1708; baseline 0.009 -23"><span class='ocrx_word' id='word_1_191' title='bbox 633 1654 666 1685; x_wconf 83' lang='lat' dir='ltr'>it</span> <span class='ocrx_word' id='word_1_192' title='bbox 691 1655 844 1708; x_wconf 82' lang='lat' dir='ltr'>igitur.</span> 
     </span>
    </p>
   </div>
   <div class='ocr_carea' id='block_1_3' title="bbox 719 1779 2224 1997">
    <p class='ocr_par' dir='ltr' id='par_1_5' title="bbox 719 1779 2224 1997">
     <span class='ocr_line' id='line_1_23' title="bbox 934 1779 1989 1835; baseline 0.004 -7"><span class='ocrx_word' id='word_1_193' title='bbox 934 1783 1090 1832; x_wconf 86' lang='lat' dir='ltr'>PRO</span> <span class='ocrx_word' id='word_1_194' title='bbox 1116 1779 1358 1835; x_wconf 83' lang='lat' dir='ltr'>POSIT</span> <span class='ocrx_word' id='word_1_195' title='bbox 1384 1788 1400 1831; x_wconf 93' lang='lat' dir='ltr'>I</span> <span class='ocrx_word' id='word_1_196' title='bbox 1427 1790 1472 1833; x_wconf 89' lang='lat' dir='ltr'>O</span> <span class='ocrx_word' id='word_1_197' title='bbox 1546 1785 1989 1835; x_wconf 69' lang='lat' dir='ltr'>TRIGESIMA&#39;.</span> 
     </span>
     <span class='ocr_line' id='line_1_24' title="bbox 719 1847 2224 1926; baseline 0.001 -29"><span class='ocrx_word' id='word_1_198' title='bbox 719 1847 840 1897; x_wconf 72' lang='lat' dir='ltr'>Soltdi</span> <span class='ocrx_word' id='word_1_199' title='bbox 856 1850 1054 1923; x_wconf 81' lang='lat' dir='ltr'>cuiusdam</span> <span class='ocrx_word' id='word_1_200' title='bbox 1068 1850 1263 1921; x_wconf 76' lang='lat' dir='ltr'>quadratis</span> <span class='ocrx_word' id='word_1_201' title='bbox 1278 1853 1547 1926; x_wconf 66' lang='lat' dir='ltr'>pyramidibus</span> <span class='ocrx_word' id='word_1_202' title='bbox 1561 1853 1948 1924; x_wconf 78' lang='lat' dir='ltr'>sphaeraIiterstcllati</span> <span class='ocrx_word' id='word_1_203' title='bbox 1962 1855 2134 1925; x_wconf 64' lang='lat' dir='ltr'>figWam</span> <span class='ocrx_word' id='word_1_204' title='bbox 2149 1854 2188 1899; x_wconf 87' lang='lat' dir='ltr'>in</span> <span class='ocrx_word' id='word_1_205' title='bbox 2222 1860 2224 1863; x_wconf 76' lang='grc'>’</span> 
     </span>
     <span class='ocr_line' id='line_1_25' title="bbox 1114 1922 2154 1997; baseline 0 -26"><span class='ocrx_word' id='word_1_206' title='bbox 1114 1925 1285 1994; x_wconf 56' lang='lat' dir='ltr'>jeffone</span> <span class='ocrx_word' id='word_1_207' title='bbox 1303 1940 1546 1997; x_wconf 73' lang='lat' dir='ltr'>apparentem</span> <span class='ocrx_word' id='word_1_208' title='bbox 1561 1922 1782 1997; x_wconf 70' lang='lat' dir='ltr'>describere.</span> <span class='ocrx_word' id='word_1_209' title='bbox 2149 1943 2154 1946; x_wconf 63' lang='grc'>’</span> 
     </span>
    </p>
   </div>
   <div class='ocr_carea' id='block_1_4' title="bbox 614 2052 2301 3367">
    <p class='ocr_par' dir='ltr' id='par_1_6' title="bbox 784 2052 2296 2127">
     <span class='ocr_line' id='line_1_26' title="bbox 784 2052 2296 2127; baseline 0.001 -21"><span class='ocrx_word' id='word_1_210' title='bbox 784 2061 1051 2127; x_wconf 88' lang='lat' dir='ltr'>Vamquam</span> <span class='ocrx_word' id='word_1_211' title='bbox 1069 2052 1260 2108; x_wconf 90' lang='lat' dir='ltr'>solidum</span> <span class='ocrx_word' id='word_1_212' title='bbox 1280 2061 1369 2108; x_wconf 85' lang='lat' dir='ltr'>ho&#39;c</span> <span class='ocrx_word' id='word_1_213' title='bbox 1388 2057 1579 2109; x_wconf 73' lang='lat' dir='ltr'>solitarie</span> <span class='ocrx_word' id='word_1_214' title='bbox 1599 2062 1914 2109; x_wconf 85' lang='lat' dir='ltr'>adumbratum</span> <span class='ocrx_word' id='word_1_215' title='bbox 1940 2063 1984 2108; x_wconf 87' lang='lat'>&amp;</span> <span class='ocrx_word' id='word_1_216' title='bbox 2007 2058 2091 2105; x_wconf 90' lang='lat' dir='ltr'>illis</span> <span class='ocrx_word' id='word_1_217' title='bbox 2110 2058 2296 2107; x_wconf 84' lang='lat' dir='ltr'>destitu-</span> 
     </span>
    </p>

    <p class='ocr_par' dir='ltr' id='par_1_7' title="bbox 786 2126 2296 2198">
     <span class='ocr_line' id='line_1_27' title="bbox 786 2126 2296 2198; baseline 0.001 -25"><span class='ocrx_word' id='word_1_218' title='bbox 786 2141 884 2173; x_wconf 88' lang='lat' dir='ltr'>tum</span> <span class='ocrx_word' id='word_1_219' title='bbox 904 2126 1184 2195; x_wconf 83' lang='lat' dir='ltr'>lineis,quas</span> <span class='ocrx_word' id='word_1_220' title='bbox 1206 2130 1262 2177; x_wconf 90' lang='lat' dir='ltr'>ad</span> <span class='ocrx_word' id='word_1_221' title='bbox 1289 2130 1610 2178; x_wconf 86' lang='lat' dir='ltr'>inueniendam</span> <span class='ocrx_word' id='word_1_222' title='bbox 1634 2131 1745 2178; x_wconf 89' lang='lat' dir='ltr'>illius</span> <span class='ocrx_word' id='word_1_223' title='bbox 1767 2126 2135 2198; x_wconf 79' lang='lat' dir='ltr'>scenographiam</span> <span class='ocrx_word' id='word_1_224' title='bbox 2159 2128 2296 2176; x_wconf 84' lang='lat' dir='ltr'>adhi-</span> 
     </span>
    </p>

    <p class='ocr_par' dir='ltr' id='par_1_8' title="bbox 614 2192 2301 3367">
     <span class='ocr_line' id='line_1_28' title="bbox 617 2192 2296 2267; baseline 0.002 -27"><span class='ocrx_word' id='word_1_225' title='bbox 617 2192 721 2241; x_wconf 87' lang='lat' dir='ltr'>bere</span> <span class='ocrx_word' id='word_1_226' title='bbox 738 2193 908 2244; x_wconf 84' lang='lat' dir='ltr'>necesse</span> <span class='ocrx_word' id='word_1_227' title='bbox 930 2196 1014 2250; x_wconf 83' lang='lat' dir='ltr'>est,</span> <span class='ocrx_word' id='word_1_228' title='bbox 1033 2213 1224 2263; x_wconf 86' lang='lat' dir='ltr'>quarum</span> <span class='ocrx_word' id='word_1_229' title='bbox 1244 2201 1377 2246; x_wconf 90' lang='lat' dir='ltr'>etiam</span> <span class='ocrx_word' id='word_1_230' title='bbox 1399 2199 1572 2267; x_wconf 88' lang='lat' dir='ltr'>aliquas</span> <span class='ocrx_word' id='word_1_231' title='bbox 1590 2198 1892 2266; x_wconf 85' lang='lat' dir='ltr'>expressimus,</span> <span class='ocrx_word' id='word_1_232' title='bbox 1909 2214 1958 2247; x_wconf 76' lang='lat' dir='ltr'>vt</span> <span class='ocrx_word' id='word_1_233' title='bbox 1984 2195 2133 2244; x_wconf 82' lang='lat' dir='ltr'>videre</span> <span class='ocrx_word' id='word_1_234' title='bbox 2157 2197 2217 2244; x_wconf 88' lang='lat' dir='ltr'>est</span> <span class='ocrx_word' id='word_1_235' title='bbox 2245 2200 2296 2244; x_wconf 85' lang='lat' dir='ltr'>in</span> 
     </span>
     <span class='ocr_line' id='line_1_29' title="bbox 615 2262 2298 2332; baseline 0.001 -23"><span class='ocrx_word' id='word_1_236' title='bbox 615 2262 942 2332; x_wconf 85' lang='lat' dir='ltr'>diagrammate</span> <span class='ocrx_word' id='word_1_237' title='bbox 967 2264 1157 2313; x_wconf 81' lang='lat' dir='ltr'>Tabulae</span> <span class='ocrx_word' id='word_1_238' title='bbox 1191 2267 1537 2315; x_wconf 79' lang='lat' dir='ltr'>decimae-tertiae</span> <span class='ocrx_word' id='word_1_239' title='bbox 1558 2306 1571 2323; x_wconf 93' lang='lat'><em>,</em></span> <span class='ocrx_word' id='word_1_240' title='bbox 1595 2266 1773 2317; x_wconf 85' lang='lat' dir='ltr'>difficile</span> <span class='ocrx_word' id='word_1_241' title='bbox 1801 2266 1902 2315; x_wconf 79' lang='lat' dir='ltr'>satis</span> <span class='ocrx_word' id='word_1_242' title='bbox 1937 2270 1981 2315; x_wconf 65' lang='grc' dir='ltr'>δέ</span> <span class='ocrx_word' id='word_1_243' title='bbox 2015 2264 2298 2331; x_wconf 87' lang='lat' dir='ltr'>implicatum</span> 
     </span>
     <span class='ocr_line' id='line_1_30' title="bbox 614 2333 2299 2404; baseline 0.002 -26"><span class='ocrx_word' id='word_1_244' title='bbox 614 2347 800 2398; x_wconf 87' lang='lat' dir='ltr'>apparet</span> <span class='ocrx_word' id='word_1_245' title='bbox 821 2336 969 2399; x_wconf 88' lang='lat' dir='ltr'>primo</span> <span class='ocrx_word' id='word_1_246' title='bbox 991 2336 1036 2380; x_wconf 90' lang='lat' dir='ltr'>in</span> <span class='ocrx_word' id='word_1_247' title='bbox 1047 2335 1379 2403; x_wconf 79' lang='lat' dir='ltr'>tuitu‚propter</span> <span class='ocrx_word' id='word_1_248' title='bbox 1395 2339 1562 2385; x_wconf 86' lang='lat' dir='ltr'>variam</span> <span class='ocrx_word' id='word_1_249' title='bbox 1582 2336 1821 2404; x_wconf 84' lang='lat' dir='ltr'>planorum</span> <span class='ocrx_word' id='word_1_250' title='bbox 1837 2335 2018 2383; x_wconf 85' lang='lat' dir='ltr'>suorum</span> <span class='ocrx_word' id='word_1_251' title='bbox 2043 2333 2299 2382; x_wconf 83' lang='lat' dir='ltr'>inclinatio-</span> 
     </span>
     <span class='ocr_line' id='line_1_31' title="bbox 616 2399 2301 2474; baseline 0.002 -27"><span class='ocrx_word' id='word_1_252' title='bbox 616 2417 724 2447; x_wconf 84' lang='lat' dir='ltr'>nem</span> <span class='ocrx_word' id='word_1_253' title='bbox 746 2399 1102 2470; x_wconf 89' lang='lat' dir='ltr'>multiplicesque</span> <span class='ocrx_word' id='word_1_254' title='bbox 1120 2405 1401 2470; x_wconf 87' lang='lat' dir='ltr'>pyramidum</span> <span class='ocrx_word' id='word_1_255' title='bbox 1418 2414 1460 2454; x_wconf 67' lang='grc' dir='ltr'>ὅ(</span> <span class='ocrx_word' id='word_1_256' title='bbox 1472 2404 1720 2454; x_wconf 88' lang='lat' dir='ltr'>solidorum</span> <span class='ocrx_word' id='word_1_257' title='bbox 1736 2404 2010 2474; x_wconf 85' lang='lat' dir='ltr'>angulorum</span> <span class='ocrx_word' id='word_1_258' title='bbox 2023 2406 2301 2466; x_wconf 58' lang='grc' dir='ltr'>ὀκφοξρὶςςαῑ·</span> 
     </span>
     <span class='ocr_line' id='line_1_32' title="bbox 615 2465 2300 2543; baseline 0.001 -27"><span class='ocrx_word' id='word_1_259' title='bbox 615 2465 798 2526; x_wconf 59' lang='lat' dir='ltr'>minen,</span> <span class='ocrx_word' id='word_1_260' title='bbox 816 2470 850 2518; x_wconf 82' lang='lat' dir='ltr'>fi</span> <span class='ocrx_word' id='word_1_261' title='bbox 866 2471 989 2519; x_wconf 87' lang='lat' dir='ltr'>vnde</span> <span class='ocrx_word' id='word_1_262' title='bbox 1005 2468 1128 2519; x_wconf 85' lang='lat' dir='ltr'>suam</span> <span class='ocrx_word' id='word_1_263' title='bbox 1148 2473 1286 2520; x_wconf 89' lang='lat' dir='ltr'>trahit</span> <span class='ocrx_word' id='word_1_264' title='bbox 1307 2477 1531 2543; x_wconf 85' lang='lat' dir='ltr'>originem</span> <span class='ocrx_word' id='word_1_265' title='bbox 1555 2483 1599 2523; x_wconf 71' lang='grc' dir='ltr'>δε</span> <span class='ocrx_word' id='word_1_266' title='bbox 1619 2492 1708 2542; x_wconf 89' lang='lat' dir='ltr'>qua</span> <span class='ocrx_word' id='word_1_267' title='bbox 1725 2479 1901 2522; x_wconf 86' lang='lat' dir='ltr'>ratione</span> <span class='ocrx_word' id='word_1_268' title='bbox 1929 2472 2222 2520; x_wconf 81' lang='lat' dir='ltr'>constituatur</span> <span class='ocrx_word' id='word_1_269' title='bbox 2236 2487 2300 2518; x_wconf 86' lang='lat' dir='ltr'>at-</span> 
     </span>
     <span class='ocr_line' id='line_1_33' title="bbox 616 2536 2299 2599; baseline 0.001 -15"><span class='ocrx_word' id='word_1_270' title='bbox 616 2537 741 2585; x_wconf 72' lang='lat' dir='ltr'>tente</span> <span class='ocrx_word' id='word_1_271' title='bbox 766 2538 1119 2599; x_wconf 75' lang='lat' dir='ltr'>consideremUS,</span> <span class='ocrx_word' id='word_1_272' title='bbox 1140 2538 1268 2589; x_wconf 74' lang='lat' dir='ltr'>facile</span> <span class='ocrx_word' id='word_1_273' title='bbox 1292 2543 1405 2590; x_wconf 87' lang='lat' dir='ltr'>illud</span> <span class='ocrx_word' id='word_1_274' title='bbox 1420 2580 1433 2598; x_wconf 89' lang='lat'>‚</span> <span class='ocrx_word' id='word_1_275' title='bbox 1450 2557 1501 2591; x_wconf 85' lang='lat' dir='ltr'>vt</span> <span class='ocrx_word' id='word_1_276' title='bbox 1521 2551 1564 2590; x_wconf 84' lang='lat'>&amp;</span> <span class='ocrx_word' id='word_1_277' title='bbox 1595 2559 1747 2590; x_wconf 84' lang='lat' dir='ltr'>caetera</span> <span class='ocrx_word' id='word_1_278' title='bbox 1764 2542 2041 2588; x_wconf 84' lang='lat' dir='ltr'>delineamus</span> <span class='ocrx_word' id='word_1_279' title='bbox 2162 2544 2165 2545; x_wconf 46' lang='lat'><em>⁷</em></span> <span class='ocrx_word' id='word_1_280' title='bbox 2296 2536 2299 2539; x_wconf 64' lang='grc'><strong>’</strong></span> 
     </span>
     <span class='ocr_line' id='line_1_34' title="bbox 686 2606 2296 2679; baseline -0.002 -22"><span class='ocrx_word' id='word_1_281' title='bbox 686 2607 1059 2674; x_wconf 88' lang='lat' dir='ltr'>Concipiendum</span> <span class='ocrx_word' id='word_1_282' title='bbox 1090 2626 1200 2678; x_wconf 82' lang='lat' dir='ltr'>ergo</span> <span class='ocrx_word' id='word_1_283' title='bbox 1237 2612 1385 2677; x_wconf 87' lang='lat' dir='ltr'>primo</span> <span class='ocrx_word' id='word_1_284' title='bbox 1419 2612 1479 2659; x_wconf 83' lang='lat' dir='ltr'>est</span> <span class='ocrx_word' id='word_1_285' title='bbox 1509 2609 1699 2658; x_wconf 86' lang='lat' dir='ltr'>solidum</span> <span class='ocrx_word' id='word_1_286' title='bbox 1738 2610 1966 2679; x_wconf 85' lang='lat' dir='ltr'>quadratis</span> <span class='ocrx_word' id='word_1_287' title='bbox 1987 2606 2296 2675; x_wconf 77' lang='lat' dir='ltr'>superficiebus</span> 
     </span>
     <span class='ocr_line' id='line_1_35' title="bbox 618 2665 2295 2746; baseline 0.001 -24"><span class='ocrx_word' id='word_1_288' title='bbox 618 2676 769 2724; x_wconf 89' lang='lat' dir='ltr'>decern</span> <span class='ocrx_word' id='word_1_289' title='bbox 796 2686 838 2724; x_wconf 84' lang='lat'>&amp;</span> <span class='ocrx_word' id='word_1_290' title='bbox 862 2680 975 2724; x_wconf 72' lang='lat' dir='ltr'>osto</span> <span class='ocrx_word' id='word_1_291' title='bbox 999 2695 1009 2729; x_wconf 83' lang='lat'>3</span> <span class='ocrx_word' id='word_1_292' title='bbox 1031 2677 1377 2746; x_wconf 85' lang='lat' dir='ltr'>triangularibus</span> <span class='ocrx_word' id='word_1_293' title='bbox 1399 2665 1933 2746; x_wconf 64' lang='lat' dir='ltr'>odro⁰comprehensum‚</span> <span class='ocrx_word' id='word_1_294' title='bbox 1950 2677 2120 2746; x_wconf 80' lang='lat' dir='ltr'>angulis</span> <span class='ocrx_word' id='word_1_295' title='bbox 2143 2674 2295 2724; x_wconf 79' lang='lat' dir='ltr'>solidis</span> 
     </span>
     <span class='ocr_line' id='line_1_36' title="bbox 616 2744 2298 2818; baseline 0.002 -29"><span class='ocrx_word' id='word_1_296' title='bbox 616 2747 1010 2813; x_wconf 81' lang='lat' dir='ltr'>viginti-quatuor</span> <span class='ocrx_word' id='word_1_297' title='bbox 1033 2781 1046 2802; x_wconf 86' lang='lat'>,</span> <span class='ocrx_word' id='word_1_298' title='bbox 1076 2744 1284 2795; x_wconf 87' lang='lat' dir='ltr'>lateribus</span> <span class='ocrx_word' id='word_1_299' title='bbox 1319 2749 1623 2818; x_wconf 80' lang='lat' dir='ltr'>quadraginta</span> <span class='ocrx_word' id='word_1_300' title='bbox 1652 2757 1696 2797; x_wconf 70' lang='grc' dir='ltr'>δε</span> <span class='ocrx_word' id='word_1_301' title='bbox 1729 2750 1839 2795; x_wconf 70' lang='grc' dir='ltr'>οᾶο</span> <span class='ocrx_word' id='word_1_302' title='bbox 1866 2747 2132 2814; x_wconf 86' lang='lat' dir='ltr'>praeditum‚</span> <span class='ocrx_word' id='word_1_303' title='bbox 2168 2746 2298 2814; x_wconf 84' lang='lat' dir='ltr'>quod</span> 
     </span>
     <span class='ocr_line' id='line_1_37' title="bbox 618 2813 2300 2884; baseline 0.002 -26"><span class='ocrx_word' id='word_1_304' title='bbox 618 2813 828 2879; x_wconf 85' lang='lat' dir='ltr'>quidem,</span> <span class='ocrx_word' id='word_1_305' title='bbox 849 2831 1010 2882; x_wconf 89' lang='lat' dir='ltr'>corpus</span> <span class='ocrx_word' id='word_1_306' title='bbox 1030 2815 1300 2880; x_wconf 85' lang='lat' dir='ltr'>pyramidale</span> <span class='ocrx_word' id='word_1_307' title='bbox 1330 2817 1575 2875; x_wconf 83' lang='lat' dir='ltr'>stellatum,</span> <span class='ocrx_word' id='word_1_308' title='bbox 1600 2817 1656 2864; x_wconf 91' lang='lat' dir='ltr'>de</span> <span class='ocrx_word' id='word_1_309' title='bbox 1687 2834 1778 2884; x_wconf 86' lang='lat' dir='ltr'>quo</span> <span class='ocrx_word' id='word_1_310' title='bbox 1811 2819 1857 2862; x_wconf 89' lang='lat' dir='ltr'>in</span> <span class='ocrx_word' id='word_1_311' title='bbox 1884 2815 2300 2881; x_wconf 70' lang='lat' dir='ltr'>propositione,ita</span> 
     </span>
     <span class='ocr_line' id='line_1_38' title="bbox 620 2879 2300 2952; baseline 0.001 -25"><span class='ocrx_word' id='word_1_312' title='bbox 620 2879 882 2937; x_wconf 87' lang='lat' dir='ltr'>concludat,</span> <span class='ocrx_word' id='word_1_313' title='bbox 902 2899 952 2929; x_wconf 90' lang='lat' dir='ltr'>vt</span> <span class='ocrx_word' id='word_1_314' title='bbox 972 2879 1250 2951; x_wconf 85' lang='lat' dir='ltr'>singularum</span> <span class='ocrx_word' id='word_1_315' title='bbox 1273 2883 1446 2934; x_wconf 85' lang='lat' dir='ltr'>suarum</span> <span class='ocrx_word' id='word_1_316' title='bbox 1471 2886 1755 2952; x_wconf 87' lang='lat' dir='ltr'>pyramidum</span> <span class='ocrx_word' id='word_1_317' title='bbox 1787 2883 1965 2932; x_wconf 79' lang='lat' dir='ltr'>basibus</span> <span class='ocrx_word' id='word_1_318' title='bbox 1994 2883 2224 2943; x_wconf 75' lang='lat' dir='ltr'>collocatis</span> <span class='ocrx_word' id='word_1_319' title='bbox 2249 2886 2300 2930; x_wconf 85' lang='lat' dir='ltr'>in</span> 
     </span>
     <span class='ocr_line' id='line_1_39' title="bbox 621 2948 2299 3020; baseline 0.001 -24"><span class='ocrx_word' id='word_1_320' title='bbox 621 2949 850 3017; x_wconf 86' lang='lat' dir='ltr'>quadratis</span> <span class='ocrx_word' id='word_1_321' title='bbox 885 2948 1194 3018; x_wconf 87' lang='lat' dir='ltr'>superficiebus</span> <span class='ocrx_word' id='word_1_322' title='bbox 1221 2959 1409 3002; x_wconf 87' lang='lat' dir='ltr'>minoris</span> <span class='ocrx_word' id='word_1_323' title='bbox 1435 2950 1569 3002; x_wconf 91' lang='lat' dir='ltr'>solidi</span> <span class='ocrx_word' id='word_1_324' title='bbox 1602 2953 1793 3000; x_wconf 84' lang='lat' dir='ltr'>eiusdem</span> <span class='ocrx_word' id='word_1_325' title='bbox 1823 2948 1980 3020; x_wconf 88' lang='lat' dir='ltr'>speciei</span> <span class='ocrx_word' id='word_1_326' title='bbox 2004 2955 2165 2999; x_wconf 89' lang='lat' dir='ltr'>maiori</span> <span class='ocrx_word' id='word_1_327' title='bbox 2191 2970 2299 2999; x_wconf 88' lang='lat' dir='ltr'>con-</span> 
     </span>
     <span class='ocr_line' id='line_1_40' title="bbox 621 3016 2298 3090; baseline 0.002 -27"><span class='ocrx_word' id='word_1_328' title='bbox 621 3021 802 3064; x_wconf 87' lang='lat' dir='ltr'>centrici</span> <span class='ocrx_word' id='word_1_329' title='bbox 822 3056 835 3076; x_wconf 88' lang='lat'>‚</span> <span class='ocrx_word' id='word_1_330' title='bbox 866 3021 1125 3069; x_wconf 88' lang='lat' dir='ltr'>earumdem</span> <span class='ocrx_word' id='word_1_331' title='bbox 1154 3023 1442 3088; x_wconf 87' lang='lat' dir='ltr'>pyramidum</span> <span class='ocrx_word' id='word_1_332' title='bbox 1469 3026 1612 3090; x_wconf 87' lang='lat' dir='ltr'>apices</span> <span class='ocrx_word' id='word_1_333' title='bbox 1641 3021 1695 3069; x_wconf 88' lang='lat' dir='ltr'>ad</span> <span class='ocrx_word' id='word_1_334' title='bbox 1726 3020 1925 3070; x_wconf 88' lang='lat' dir='ltr'>medium</span> <span class='ocrx_word' id='word_1_335' title='bbox 1957 3020 2198 3088; x_wconf 88' lang='lat' dir='ltr'>planorum</span> <span class='ocrx_word' id='word_1_336' title='bbox 2226 3016 2298 3066; x_wconf 86' lang='lat' dir='ltr'>seu</span> 
     </span>
     <span class='ocr_line' id='line_1_41' title="bbox 619 3083 2301 3159; baseline 0.002 -27"><span class='ocrx_word' id='word_1_337' title='bbox 619 3083 945 3153; x_wconf 87' lang='lat' dir='ltr'>superficierum</span> <span class='ocrx_word' id='word_1_338' title='bbox 965 3092 1145 3138; x_wconf 86' lang='lat' dir='ltr'>maioris</span> <span class='ocrx_word' id='word_1_339' title='bbox 1166 3089 1297 3138; x_wconf 91' lang='lat' dir='ltr'>solidi</span> <span class='ocrx_word' id='word_1_340' title='bbox 1314 3090 1813 3159; x_wconf 82' lang='lat' dir='ltr'>constituantur,quod</span> <span class='ocrx_word' id='word_1_341' title='bbox 1835 3089 1964 3138; x_wconf 86' lang='lat' dir='ltr'>facile</span> <span class='ocrx_word' id='word_1_342' title='bbox 1976 3091 2107 3136; x_wconf 89' lang='lat' dir='ltr'>etiam</span> <span class='ocrx_word' id='word_1_343' title='bbox 2128 3089 2181 3136; x_wconf 84' lang='lat' dir='ltr'>ad</span> <span class='ocrx_word' id='word_1_344' title='bbox 2193 3106 2301 3135; x_wconf 56' lang='lat' dir='ltr'>ocua</span> 
     </span>
     <span class='ocr_line' id='line_1_42' title="bbox 621 3154 2298 3228; baseline 0.002 -28"><span class='ocrx_word' id='word_1_345' title='bbox 621 3154 713 3202; x_wconf 87' lang='lat' dir='ltr'>lum</span> <span class='ocrx_word' id='word_1_346' title='bbox 734 3154 906 3204; x_wconf 88' lang='lat' dir='ltr'>aduerti</span> <span class='ocrx_word' id='word_1_347' title='bbox 929 3157 1074 3223; x_wconf 87' lang='lat' dir='ltr'>potest</span> <span class='ocrx_word' id='word_1_348' title='bbox 1103 3162 1150 3206; x_wconf 89' lang='lat' dir='ltr'>in</span> <span class='ocrx_word' id='word_1_349' title='bbox 1171 3158 1351 3207; x_wconf 84' lang='lat' dir='ltr'>Tabula</span> <span class='ocrx_word' id='word_1_350' title='bbox 1372 3180 1427 3220; x_wconf 85' lang='lat'>13.</span> <span class='ocrx_word' id='word_1_351' title='bbox 1446 3162 1495 3206; x_wconf 87' lang='lat' dir='ltr'>in</span> <span class='ocrx_word' id='word_1_352' title='bbox 1519 3175 1610 3228; x_wconf 88' lang='lat' dir='ltr'>qua</span> <span class='ocrx_word' id='word_1_353' title='bbox 1628 3178 1783 3207; x_wconf 86' lang='lat' dir='ltr'>eorum</span> <span class='ocrx_word' id='word_1_354' title='bbox 1810 3159 2048 3226; x_wconf 85' lang='lat' dir='ltr'>planorum</span> <span class='ocrx_word' id='word_1_355' title='bbox 2071 3155 2298 3204; x_wconf 85' lang='lat' dir='ltr'>nonnulla</span> 
     </span>
     <span class='ocr_line' id='line_1_43' title="bbox 620 3222 2296 3294; baseline 0.002 -26"><span class='ocrx_word' id='word_1_356' title='bbox 620 3222 952 3292; x_wconf 78' lang='lat' dir='ltr'>designauimus</span> <span class='ocrx_word' id='word_1_357' title='bbox 973 3225 1030 3272; x_wconf 89' lang='lat' dir='ltr'>ad</span> <span class='ocrx_word' id='word_1_358' title='bbox 1052 3243 1150 3294; x_wconf 80' lang='lat' dir='ltr'>quae</span> <span class='ocrx_word' id='word_1_359' title='bbox 1175 3229 1462 3294; x_wconf 86' lang='lat' dir='ltr'>pyramidum</span> <span class='ocrx_word' id='word_1_360' title='bbox 1481 3232 1624 3294; x_wconf 88' lang='lat' dir='ltr'>apices</span> <span class='ocrx_word' id='word_1_361' title='bbox 1650 3228 1982 3276; x_wconf 84' lang='lat' dir='ltr'>constituuntur</span> <span class='ocrx_word' id='word_1_362' title='bbox 1999 3226 2116 3275; x_wconf 77' lang='lat' dir='ltr'>abed</span> <span class='ocrx_word' id='word_1_363' title='bbox 2129 3223 2224 3292; x_wconf 80' lang='lat' dir='ltr'>efh;</span> <span class='ocrx_word' id='word_1_364' title='bbox 2238 3226 2296 3273; x_wconf 82' lang='lat' dir='ltr'>est</span> 
     </span>
     <span class='ocr_line' id='line_1_44' title="bbox 624 3292 2294 3367; baseline 0.002 -30"><span class='ocrx_word' id='word_1_365' title='bbox 624 3293 742 3339; x_wconf 87' lang='lat' dir='ltr'>enim</span> <span class='ocrx_word' id='word_1_366' title='bbox 761 3309 880 3341; x_wconf 86' lang='lat' dir='ltr'>extra</span> <span class='ocrx_word' id='word_1_367' title='bbox 902 3292 1026 3342; x_wconf 91' lang='lat' dir='ltr'>hunc</span> <span class='ocrx_word' id='word_1_368' title='bbox 1049 3295 1256 3345; x_wconf 85' lang='lat' dir='ltr'>ordinem</span> <span class='ocrx_word' id='word_1_369' title='bbox 1281 3301 1476 3365; x_wconf 87' lang='lat' dir='ltr'>pyramis</span> <span class='ocrx_word' id='word_1_370' title='bbox 1488 3316 1538 3367; x_wconf 82' lang='lat' dir='ltr'>g,</span> <span class='ocrx_word' id='word_1_371' title='bbox 1555 3300 1724 3367; x_wconf 88' lang='lat' dir='ltr'>quippe</span> <span class='ocrx_word' id='word_1_372' title='bbox 1744 3313 1839 3365; x_wconf 83' lang='lat' dir='ltr'>quae</span> <span class='ocrx_word' id='word_1_373' title='bbox 1869 3297 2072 3347; x_wconf 79' lang='lat' dir='ltr'>eamdem</span> <span class='ocrx_word' id='word_1_374' title='bbox 2098 3311 2201 3342; x_wconf 88' lang='lat' dir='ltr'>cum</span> <span class='ocrx_word' id='word_1_375' title='bbox 2228 3293 2294 3360; x_wconf 48' lang='lat' dir='ltr'>alss</span> 
     </span>
    </p>
   </div>
  </div>
 </body>
</html>
