2498 3898
605 232 857 285 LIBER
932 239 1390 287 SECVNDVS.
1793 256 1850 306 183

175 306 325 357 ficiem
346 311 388 356 A
401 314 433 355 Β
448 305 1003 374 CD‚comprehendentis
1027 306 1201 355 ibidem
1220 309 1276 356 ad
1293 313 1439 357 rcclos
1458 308 1696 359 incumbat
1721 313 1850 362 dein-

174 378 230 424 de
250 387 294 426 δε
319 381 367 424 in
395 376 558 424 eadem
582 372 703 423 linea
730 381 757 423 F
773 378 813 422 G
834 417 846 436 ‚
867 373 1012 424 versus
1040 395 1215 443 partem
1238 384 1288 437 F,
1309 376 1433 425 aliud
1459 383 1683 447 punctum
1718 378 1847 448 quod

172 443 486 494 secundarium
503 442 575 493 seu
596 442 812 492 distantia:
829 443 1161 512 apPellauimus
1182 445 1510 495 collocandum
1539 447 1630 507 est3
1653 444 1729 496 sed
1755 467 1846 517 qua

172 515 409 573 distantia,
438 518 617 583 inquies
635 553 659 574 ,Α
676 531 783 561 cum
808 510 918 561 alibi
947 532 1048 561 eam
1088 514 1439 563 determinatam
1463 516 1740 565 voluerimus
1767 535 1845 585 per

169 583 339 631 lineam
364 581 792 652 perpendicularem
821 579 879 629 ab
911 586 1130 630 intuentis
1159 583 1278 650 pede
1305 584 1362 631 ad
1385 583 1676 633 vitrei—basim
1701 586 1845 634 dedu-

171 656 313 712 astam,
333 653 464 720 quod
483 651 559 699 hic
584 668 776 719 quoque
805 651 948 718 poffet
980 649 1137 719 aliquo
1163 652 1306 700 modo
1339 651 1496 702 locum
1523 653 1716 716 habere,
1736 656 1847 704 duni

173 741 256 788 pro
275 718 498 768 eiusmodi
517 719 881 787 perpendiculari
901 718 1416 782 determinanda,aliam
1432 721 1579 793 finges
1597 723 1767 773 lineam
1787 723 1845 774 ab

172 788 266 859 ipio
285 787 424 839 oculo
439 789 496 836 ad
510 807 694 836 murum
712 793 755 836 D
770 789 809 838 ‘C
824 829 835 850 ,
846 788 1215 863 orthogonaliter
1235 794 1641 860 pertingentem‚&
1656 812 1708 841 ex
1726 793 1843 841 illius

172 864 370 908 termino
397 858 536 906 duces
565 858 622 906 ad
647 876 947 906 communem
989 861 1238 907 lectionem
1267 865 1392 920 DC,
1420 861 1847 929 perpendicularem

171 946 270 995 quae
290 925 376 976 tibi
393 946 504 976 verae
532 937 576 976 &
603 924 732 975 realis
753 928 970 976 distantiae
994 925 1251 976 mensuram
1278 927 1520 998 assignabit
1541 938 1552 989 3
1575 927 1650 977 sed
1667 929 1845 991 clarius,

168 997 250 1045 ista
264 996 474 1045 distantia
494 1015 636 1066 quam
655 1013 814 1064 quaeris
839 1007 882 1045 &
900 1015 952 1044 ex
972 1014 1064 1064 qua
1083 995 1223 1046 debes
1246 999 1292 1045 in
1318 998 1593 1063 horizontali
1610 1004 1638 1047 F
1657 1003 1713 1060 G,
1731 1018 1846 1068 pun-

171 1072 298 1115 c'kum
316 1061 631 1114 secundarium
651 1065 709 1114 ab
728 1066 899 1114 oculari
917 1069 950 1112 E
963 1107 975 1127 ‚
996 1084 1256 1127 remouere,
1277 1067 1391 1115 nihil
1409 1066 1532 1116 aliud
1551 1069 1617 1117 est
1635 1087 1775 1137 quam
1785 1088 1847 1117 re-

171 1140 320 1184 motio
340 1131 476 1203 ipsius
506 1139 726 1183 intuentis
750 1134 873 1183 oculi
902 1132 925 1182 Ξι
955 1139 1127 1202 ρυηᾶο
1152 1140 1186 1184 Ε
1205 1163 1216 1195 3
1238 1140 1281 1186 Si
1310 1155 1422 1205 ergo
1446 1133 1727 1207 supponatur
1753 1143 1766 1186 i
1804 1136 1844 1185 se

169 1210 351 1253 intuens
369 1203 478 1251 aulae
498 1208 766 1271 pauimento
795 1201 857 1252 sic
884 1203 1060 1251 adhaere
1083 1221 1131 1251 vt
1157 1205 1241 1253 stet
1275 1211 1449 1254 erechis
1480 1216 1523 1255 ὃς
1542 1204 1709 1255 sursum
1734 1157 1846 1275 affii-

170 1278 296 1322 ciens
319 1270 408 1331 3ab
434 1277 614 1342 integra
641 1270 751 1321 aulae
777 1277 895 1321 inter
925 1276 1242 1341 pauimentum
1276 1284 1319 1323 δε
1359 1274 1545 1323 lacunar
1581 1275 1848 1337 altitudine,

172 1362 272 1412 qua:
289 1340 342 1390 sit
362 1361 400 1389 v.
420 1362 462 1411 g.
490 1361 555 1402 30.
576 1342 772 1410 pedum,
791 1340 1069 1391 subducetur
1086 1338 1210 1391 oculi
1227 1348 1446 1391 intuentis
1466 1341 1596 1412 fiiper
1615 1349 1848 1412 pauimen-

171 1430 271 1461 tum
290 1409 740 1479 exaltatio‚quatuor
760 1411 932 1480 'pedum
952 1421 1030 1459 aut
1047 1416 1257 1481 quinque
1278 1440 1288 1473 3
1309 1412 1429 1478 ynde
1447 1422 1499 1460 26
1523 1431 1655 1477 aut25
1676 1415 1850 1482 pedum

169 1478 380 1530 mensura
397 1500 480 1550 pro
499 1480 710 1529 distantia
724 1480 1030 1550 relinquetur,
1050 1500 1102 1529 ex
1124 1499 1215 1550 qua
1240 1486 1435 1550 petitum
1450 1487 1675 1550 punctum
1695 1489 1743 1531 in
1761 1483 1846 1532 ho-

172 1548 404 1612 rizontali‚
426 1548 451 1598 εὶ
469 1554 682 1619 primario
702 1555 876 1618 puncto
897 1548 1098 1598 diffitum
1117 1552 1419 1599 constituetur

193 1679 196 1682 v
240 1624 327 1670 His
356 1617 511 1687 positis
541 1623 723 1688 quiam
749 1617 972 1667 iconismo
998 1623 1146 1669 LXX
1171 1616 1367 1668 solidum
1393 1616 1764 1670 adumbrandum
1788 1619 1850 1671 fic

171 1687 314 1738 debet
334 1686 604 1749 exhiberi‚vt
623 1685 740 1737 illius
757 1687 952 1736 altitudo
971 1687 1205 1737 horizonti
1222 1689 1607 1758 perpendicularis
1620 1709 1852 1759 appareat,

169 1759 278 1808 ideo
299 1754 447 1825 figura
463 1760 552 1807 LX
565 1761 679 1818 VII,
697 1774 796 1825 quae
813 1777 896 1826 pro
916 1757 1084 1806 eodem
1103 1756 1187 1806 situ
1206 1762 1253 1806 in
1269 1756 1425 1806 tabula
1450 1757 1685 1808 horizonti
1701 1765 1850 1808 erecta

173 1827 474 1896 exprimendo
504 1827 611 1876 esset
641 1825 776 1895 ipsius
807 1831 1010 1895 corporis
1034 1826 1333 1896 ortographia
1354 1869 1366 1888 ,
1391 1826 1468 1876 hic
1487 1833 1536 1875 in
1562 1828 1702 1897 plano
1726 1828 1851 1893 hori-

172 1901 302 1947 zonti
322 1893 537 1964 parallelo
564 1899 782 1957 ABCD,
801 1893 936 1964 ipsius
960 1895 1261 1964 icnographia
1287 1898 1351 1945 est
1371 1923 1381 1955 ·‚
1401 1906 1445 1945 &
1471 1895 1654 1946 schema
1674 1902 1847 1948 LXIX

174 1966 369 2036 quodin
386 1965 550 2014 eadem
567 1963 724 2015 tabula
740 1963 876 2033 ipsius
892 1964 1193 2034 icnographia
1215 1965 1342 2026 esset,
1361 1964 1437 2013 hic
1463 1963 1650 2014 viciffim
1678 1986 1760 2036 pro
1787 1985 1853 2016 or-

174 2033 419 2104 tographia
433 2030 688 2090 assumitur,
709 2035 839 2103 quod.
859 2045 902 2084 ὃς
930 2040 977 2083 in
1003 2033 1226 2083 similibus
1255 2033 1595 2083 obseruandum
1613 2036 1678 2085 est
1687 2078 1700 2099 ,
1720 2055 1853 2087 caete-

174 2123 318 2173 saque
344 2104 513 2152 deinde
541 2123 640 2174 quae
671 2101 1013 2173 praescripsimus
1040 2109 1087 2152 in
1113 2109 1251 2171 priori
1284 2103 1426 2165 libro,
1445 2104 1504 2152 ad
1524 2107 1854 2154 inueniendam

175 2173 359 2222 illorum
385 2170 765 2244 scenographiam
791 2173 1066 2222 adhibenda·
1096 2178 1249 2222 Primo
1279 2178 1403 2221 enim
1430 2191 1482 2221 ex
1508 2171 1710 2242 aspectus
1741 2175 1855 2251 legi-

178 2241 262 2292 bus
280 2241 566 2291 contrahitur
588 2243 810 2310 assumpta
831 2242 1131 2312 icnographia
1148 2246 1238 2292 LX
1252 2249 1293 2291 V
1303 2248 1360 2291 II.
1383 2248 1431 2290 in
1457 2247 1545 2292 LK
1559 2249 1603 2293 R
1616 2246 1691 2313 Q
1719 2255 1764 2294 ὃς
1786 2248 1855 2293 lu-

103 2314 107 2320 ”
178 2331 259 2380 per
274 2311 442 2359 lineam
458 2311 493 2360 L
507 2316 548 2361 K
560 2314 630 2372 M,
643 2311 1081 2380 perpendiculariter
1100 2315 1286 2380 erigitur
1299 2315 1352 2359 M
1363 2316 1409 2361 N
1424 2316 1468 2359 O
1481 2317 1512 2362 P
1526 2313 1854 2383 ‚ortographiae

178 2380 300 2430 linea
332 2378 572 2449 desumpta
600 2400 651 2429 ex
677 2398 816 2450 mnop
840 2422 852 2441 ,
880 2378 1118 2430 schematis
1150 2385 1352 2442 LXIX,
1380 2382 1657 2430 construitur
1687 2383 1856 2431 deinde

181 2447 456 2498 diuersarum
483 2449 778 2498 altitudinum
804 2448 918 2498 scala
942 2453 1142 2499 MPTV
1162 2491 1174 2510 ,
1198 2449 1326 2499 lineis
1355 2453 1461 2498 MV
1479 2491 1491 2510 ,
1522 2455 1606 2500 PT
1625 2491 1638 2511 ,
1658 2469 1853 2500 concur-

180 2517 388 2569 rentibus
408 2518 465 2566 ad
486 2523 711 2588 punctum
729 2518 858 2567 lineae
876 2519 1174 2568 liorizontalis
1195 2526 1221 2568 F
1237 2524 1276 2567 G
1294 2546 1304 2579 ·,
1330 2529 1373 2568 ὃς
1392 2538 1444 2567 ex
1461 2519 1623 2567 eadem
1645 2525 1772 2569 variae
1794 2521 1858 2569 al-

181 2588 399 2637 titudines
418 2586 783 2657 scenogaphicae
801 2607 1020 2637 eruuntur
1035 2607 1116 2656 pei·
1134 2587 1367 2657 parallelas
1387 2586 1446 2636 ab
1464 2588 1765 2658 icnographia
1791 2591 1859 2638 di-

181 2662 359 2705 minuta
374 2657 433 2705 ad
451 2654 589 2725 ipsam
609 2654 774 2706 scalam
790 2658 1028 2719 deductas,
1047 2668 1089 2707 &
1109 2656 1506 2727 perpendiculares
1525 2656 1583 2705 ab
1606 2664 1859 2708 earum‘oc-

182 2724 311 2775 cursu
331 2742 438 2773 cum
453 2725 573 2774 linea
588 2729 718 2787 MV,
742 2731 976 2788 excitatas,
997 2746 1096 2796 quae
1114 2733 1270 2775 omnia
1297 2724 1394 2775 satis
1419 2726 1629 2775 distincte
1649 2725 1856 2795 expresfi-

184 2813 308 2854 mus,
323 2798 386 2842 ita
404 2813 451 2844 vt
468 2813 521 2843 ea
540 2790 700 2843 fusiori
728 2794 1036 2845 declaratione
1065 2794 1280 2865 prosequi
1300 2814 1400 2842 non
1427 2795 1570 2842 modo
1594 2793 1857 2863 superuaca-

185 2881 326 2913 neum
343 2861 655 2925 videatur‚sed
671 2864 984 2914 etianflectori
1008 2863 1261 2926 taediosum‚
1275 2870 1356 2934 qui
1369 2869 1525 2912 omnia
1544 2865 1602 2912 ad
1619 2863 1852 2935 scenogra-

185 2932 341 3002 phicas
363 2931 624 2981 huiusmodi
642 2932 972 2983 delineationes
990 2939 1265 3003 pertinentia
1279 2940 1326 2983 in
1345 2938 1494 3002 primo
1516 2931 1634 2981 libro
1645 2930 1742 2982 satis
1755 2953 1856 3002 per-

184 3001 350 3070 cepisse
367 3002 623 3051 credendus
645 3003 721 3051 est.

213 3116 224 3127 ,
262 3070 351 3120 Sed
367 3079 411 3119 δε
429 3068 527 3120 satis
550 3070 668 3120 clare
690 3072 805 3121 mihi
830 3074 1010 3122 videtur
1034 3074 1288 3142 expressum
1317 3073 1646 3142 diagrammate
1671 3074 1860 3133 LXXI,

186 3139 432 3208 quomodo
453 3137 648 3189 solidum
667 3146 701 3189 B
714 3147 807 3191 CD
821 3183 835 3202 ‚
847 3140 1048 3191 eiusdem
1066 3147 1254 3191 rationis
1273 3162 1380 3191 cum
1401 3146 1573 3210 primo,
1587 3138 1661 3189 sed
1677 3139 1858 3188 alterius

188 3205 492 3279 dispositionis
513 3214 561 3257 in
576 3209 738 3258 eadem
756 3208 991 3279 superficie
1013 3221 1057 3260 δε
1077 3231 1129 3259 ex
1148 3212 1314 3259 eodem
1329 3209 1508 3279 aspecstu
1526 3214 1677 3258 veniat
1700 3208 1861 3256 adum-

192 3276 421 3327 brandum
442 3305 452 3337 3
472 3277 699 3326 delineata
717 3284 843 3327 enim
862 3280 1158 3348 ortographia
1177 3285 1209 3327 B
1222 3285 1293 3329 FE
1306 3286 1368 3342 C,
1381 3290 1423 3328 δε
1443 3278 1665 3346 assumpta
1681 3281 1729 3324 in
1744 3295 1861 3326 con-

190 3352 372 3402 tinuum
388 3345 638 3402 vitrei-basi
653 3354 685 3400 B
698 3355 737 3401 C
749 3351 802 3397 M
815 3389 828 3410 ‚
848 3349 1077 3418 ductaque
1099 3368 1179 3418 per
1196 3354 1420 3418 punctum
1437 3351 1494 3407 E,
1511 3345 1631 3395 linea
1649 3346 1865 3397 horizon-
