2498 3898
609 245 677 282 166
898 232 1550 280 THAVMATVRGI
1605 231 1915 277 OPTlCl

612 319 751 370 atque
770 298 886 348 adeo
908 297 1006 348 sunt
1022 297 1162 347 ambo
1181 302 1298 346 inter
1319 296 1360 347 se
1380 299 1577 368 paralleli
1599 326 1608 357 3
1630 298 1741 347 radii
1767 315 1924 347 autem
1950 293 2111 345 solar‘es
2134 301 2181 345 in
2210 299 2277 347 ta-v

614 368 727 418 lium
746 368 962 434 stylorum
993 372 1182 415 vertices
1210 373 1491 416 incurrentes
1509 363 1683 415 faciunt
1708 365 1893 419 eosdem
1920 365 2113 436 angulos
2133 385 2274 435 atque

614 443 676 486 ita
692 438 906 486 eumdem
923 433 1097 504 prorsus
1113 441 1332 484 verticem
1351 434 1579 504 Vtriusque
1590 436 1834 504 pyramidis
1847 431 2088 484 luminosae.
2102 441 2277 486 Verum

614 506 804 556 fortassis
821 506 914 554 haec
932 502 1016 553 tibi
1033 501 1294 552 obscuriora
1309 505 1571 564 videantur,
1594 510 1656 553 ita
1680 522 1726 552 vt
1749 504 1808 551 ad
1833 499 2083 570 perfectam
2113 523 2274 555 eorum

613 575 964 642 intelligentiam
991 570 1166 620 necesse
1197 571 1250 622 sit
1274 579 1448 642 praxim
1472 572 1752 642 propositam
1776 572 1799 620 ἐ
1823 573 1999 620 lineatis
2025 570 2281 638 schematis,

614 642 752 693 fufius
773 641 1006 709 explicare.

682 714 1010 779 Contemplarc
1027 718 1165 780 igitur
1181 716 1228 758 in
1236 709 1413 771 Tab.32.
1427 708 1700 760 iconismum
1721 708 2046 782 sexagessmum
2065 729 2282 779 quartum

614 792 658 831 δε
678 777 852 832 εῐεᾶοε
879 782 1017 851 plano
1042 784 1206 831 FGHI
1220 819 1231 839 ,
1251 778 1387 844 stylos
1416 781 1524 839 AB,
1545 784 1664 841 CD,
1682 791 1726 829 &
1747 786 1867 828 iuxta
1892 784 2091 847 primum
2118 781 2286 846 stylum

615 854 700 901 AB
716 892 730 912 ,
747 856 793 900 in
821 871 909 901 vna
936 869 1060 920 parte
1090 849 1211 919 plani
1240 851 1432 909 FGHI,
1449 845 1643 917 positam
1667 854 1918 918 imaginem
1935 866 2018 917 opr
2039 868 2049 900 3
2070 854 2118 897 in
2142 850 2282 900 altera

613 939 720 968 vero
740 926 954 969 anteriori
968 919 1136 970 scilicet
1151 914 1352 966 eiusdem
1371 917 1494 986 plani
1512 935 1638 985 parte
1655 923 1778 966 iuxta
1795 917 1989 968 alterum
1998 916 2161 983 stylum
2176 925 2283 980 CD,

616 988 737 1038 bene
755 988 993 1057 expansam
1010 989 1215 1038 chartam
1230 987 1453 1036 mundam
1472 1006 1566 1056 qu
1587 1009 1597 1035 :
1619 993 1804 1056 iamque
1818 992 2073 1057 imaginare
2094 988 2285 1056 planum

615 1078 724 1108 cum
739 1058 970 1108 ambobus
993 1057 1112 1124 stylis
1129 1063 1191 1107 ita
1208 1054 1288 1104 soli
1306 1055 1561 1124 expositum
1576 1073 1624 1105 vt
1643 1057 1791 1105 radius
1811 1074 1891 1125 per
1911 1059 2136 1124 punctum
2155 1064 2189 1106 B
2209 1078 2283 1107 ca-

615 1147 784 1177 cumen
808 1133 966 1197 prioris
985 1126 1086 1193 styli
1101 1124 1290 1195 allapsus
1305 1125 1518 1177 vmbram
1536 1121 1736 1176 eiusdem
1753 1130 1962 1194 proiiciat
1977 1125 2035 1174 ad
2059 1131 2285 1195 punctum

614 1216 657 1258 r,
675 1196 829 1266 figura:
847 1195 1084 1267 supposita:
1102 1225 1114 1257 3
1132 1214 1254 1246 certe
1271 1207 1315 1246 &
1331 1197 1440 1246 hinc
1460 1192 1663 1266 sequitur
1690 1199 2026 1265 proiectionem
2057 1201 2215 1264 puncti
2240 1201 2284 1246 D

615 1271 754 1335 apicis
772 1267 953 1316 alterius
971 1265 1071 1332 styli
1090 1264 1258 1314 debere
1280 1265 1447 1314 eodem
1466 1283 1675 1333 tempore
1695 1269 1856 1333 proiici
1880 1270 1926 1310 in
1944 1263 2149 1313 chartam
2159 1284 2288 1315 mun-

617 1335 722 1384 dam
738 1337 795 1384 ad
815 1341 1104 1404 punciumffi
1124 1334 1255 1402 quod
1276 1335 1341 1382 est
1358 1339 1406 1382 in
1425 1333 1564 1402 plano
1580 1336 1748 1384 ELHI
1762 1332 2095 1401 ‚homologum
2114 1339 2288 1402 pundio

612 1421 655 1456 r,
683 1403 806 1470 plani
824 1407 1016 1463 FGLE‚
1037 1403 1254 1452 &locum
1271 1401 1508 1472 designare
1533 1401 1613 1451 vbi
1639 1401 1832 1462 debeat,
1850 1398 2006 1449 similis
2034 1420 2286 1471 prototypo

616 1492 652 1529 r,
673 1471 819 1541 figura
835 1470 1076 1533 delineari,
1088 1476 1233 1522 immo
1252 1481 1296 1520 &
1311 1469 1493 1539 aequalis
1512 1468 1547 1519 fi
1566 1470 1759 1540 quidem
1778 1469 1972 1538 aequales
1989 1467 2089 1519 sunt
2109 1481 2152 1520 &
2170 1469 2291 1522 simi-

617 1541 718 1590 liter
736 1540 870 1610 positi
890 1541 989 1607 styli
1006 1544 1092 1590 AB
1107 1581 1119 1600 ,
1138 1546 1235 1589 CD
1250 1581 1262 1602 ,
1282 1550 1325 1589 &
1344 1540 1450 1588 ideo
1469 1539 1665 1610 aequales
1692 1538 1957 1588 vmbrarum
1983 1544 2290 1608 proiectiones

616 1609 676 1659 ab
697 1610 860 1659 eadem
890 1607 1105 1658 luminosi
1132 1607 1225 1657 siue
1252 1607 1354 1658 solis
1382 1608 1626 1658 altitudine
1670 1610 1973 1676 prodeuntes,
1994 1624 2102 1657 cum
2128 1610 2291 1660 eadem

616 1677 672 1728 fit
694 1684 808 1728 ratio
830 1678 999 1728 vmbrae
1015 1679 1074 1727 ad
1093 1676 1328 1738 vmbram,
1341 1695 1441 1746 quae
1458 1677 1556 1744 styli
1572 1677 1631 1726 ad
1652 1677 1818 1743 stylum
1838 1704 1849 1737 3
1870 1677 1991 1725 vnde
2010 1677 2194 1727 vlterius
2214 1697 2291 1746 pa„

618 1765 684 1797 tet
709 1746 870 1797 slmilia
884 1746 1059 1817 semper
1076 1744 1326 1814 vtrobique
1344 1747 1626 1795 lineamenta
1645 1744 1932 1806 describi,ita
1947 1765 1995 1794 vt
2013 1746 2125 1795 dum
2142 1748 2291 1798 radius·

617 1815 854 1866 vmbrosus
873 1820 914 1866 A
928 1837 967 1879 r,
984 1815 1077 1866 siue
1096 1812 1345 1863 luminosus
1363 1821 1396 1864 B
1411 1835 1450 1876 r,
1470 1821 1520 1864 in
1537 1821 1686 1884 primo
1705 1815 1819 1881 stylo
1842 1812 2051 1864 subienae
2078 1822 2290 1886 imaginis

616 1904 767 1954 partes
786 1884 984 1955 singulas
1003 1886 1222 1944 decurrit,
1238 1881 1434 1934 similem
1464 1881 1641 1954 prorsus
1669 1882 1700 1932 fi
1738 1903 1866 1933 uram
1880 1882 2117 1933 vmbrosus
2141 1886 2292 1935 radius

617 1959 660 2003 C
654 1975 695 2018 y
709 1996 724 2016 ‚
747 1954 819 2003 vel
850 1951 1099 2003 luminosus
1129 1956 1174 1999 D
1174 1972 1235 2017 y,
1252 1958 1301 2002 in
1318 1953 1475 2003 charta
1504 1954 1680 2002 munda
1695 1903 1921 2003 {scribat
1938 1995 1951 2015 ,
1977 1954 2202 2022 aequalem
2218 1974 2291 2017 ,vt

619 2025 817 2073 diximus
836 2065 850 2085 ,
877 2022 913 2072 fi
935 2019 1036 2072 furit
1059 2021 1253 2092 aequales
1283 2022 1414 2087 styli,
1442 2027 1674 2072 minorem
1701 2041 1809 2070 vero
1837 2023 1871 2073 si
1898 2028 2052 2070 minor
2087 2025 2151 2072 est
2176 2030 2294 2086 CD,

620 2111 762 2161 quam
779 2097 1127 2154 AB,maiorem
1155 2087 1189 2138 fi
1219 2096 1365 2139 maior
1394 2089 1567 2140 seruata
1589 2088 1682 2140 sem
1719 2110 1765 2139 er
1789 2097 1966 2141 ratione
1994 2096 2207 2161 imaginis
2232 2094 2292 2141 ad

621 2167 872 2233 imaginem
896 2180 996 2232 quae
1023 2162 1088 2210 est
1112 2157 1213 2224 styli
1236 2159 1294 2207 ad
1323 2160 1508 2226 stylum,
1534 2160 1666 2230 quod
1707 2160 1820 2210 acile
1847 2159 2183 2215 demonstratur
2207 2161 2294 2211 hac

621 2250 809 2281 ratione.
1840 2274 1841 2278 ,

688 2308 1001 2370 Supponimus
1021 2305 1169 2370 primo
1184 2303 1321 2368 stylos
1342 2299 1400 2348 ad
1416 2296 1606 2367 planum
1622 2299 1710 2347 effe
1736 2297 2171 2367 perpendiculariter
2197 2318 2293 2350 ere-

623 2374 742 2432 ἃοε,
763 2381 808 2420 &
825 2371 1008 2419 illorum
1019 2368 1203 2420 vmbras
1221 2377 1269 2420 in
1286 2367 1542 2418 subiedtum
1560 2367 1752 2436 planum
1803 2371 1932 2416 roiici
1949 2385 2029 2436 per
2050 2368 2199 2417 radios
2220 2367 2291 2417 so-

622 2437 674 2487 lis
692 2444 773 2508 qui
791 2441 1147 2509 progrediuntur
1177 2435 1449 2501 ρῦἓμλλῆλως
1470 2463 1482 2496 ;
1504 2434 1674 2505 quibus
1696 2456 1757 2505 po
1780 2441 1850 2484 itis
1867 2455 1919 2484 ex
1935 2433 2145 2504 apposito
2166 2435 2294 2487 sche-

623 2526 745 2556 mate
763 2506 1037 2579 sexagefimo
1057 2526 1222 2576 quarto
1240 2505 1433 2558 dicimus
1450 2513 1513 2556 ita
1536 2503 1578 2554 se
1600 2502 1772 2554 habere
1784 2503 1995 2554 vmbram
2010 2511 2105 2569 Cy,
2122 2507 2181 2554 ad
2191 2525 2290 2556 vm-
2358 2533 2375 2552 a

624 2574 755 2624 bram
770 2580 865 2633 Ar,
885 2577 1285 2645 quemadmodum
1301 2574 1342 2625 se
1358 2574 1501 2625 habet
1520 2573 1658 2641 styhs
1675 2579 1716 2623 C
1727 2577 1771 2621 D
1784 2615 1798 2636 ,
1813 2573 1872 2621 ad
1893 2576 1934 2622 A
1946 2579 1978 2621 B
2000 2600 2011 2632 ·,
2031 2579 2140 2642 quia
2165 2582 2291 2624 enim

624 2651 720 2694 CD
734 2687 746 2707 ,
768 2655 811 2694 ὃς
829 2649 914 2694 ΑΒ
927 2686 940 2707 ,
961 2663 1196 2714 ponuntur
1211 2643 1609 2715 perpendiculares
1630 2642 1770 2711 plano
1787 2646 1931 2692 EGH
1943 2647 1961 2690 I
1974 2682 1988 2702 ,
2003 2660 2135 2691 erunt
2156 2662 2295 2713 angu-

625 2713 656 2762 li
673 2721 717 2763 D
733 2721 831 2778 Cy,
844 2721 878 2763 B
890 2717 930 2764 A
942 2718 1104 2768 r,re&i
1121 2733 1203 2783 per
1219 2735 1265 2763 10
1285 2712 1423 2762 defin.
1442 2712 1578 2782 primi
1596 2711 1771 2760 Euclid.
1788 2721 1832 2761 &
1850 2715 1960 2780 quia
1976 2711 2176 2779 paralleli
2193 2710 2293 2761 sunt

624 2802 677 2831 ex
696 2783 726 2832 h
759 2780 939 2852 pothefi
955 2784 1067 2832 radii
1081 2781 1295 2832 luminosi
1320 2787 1416 2836 Dr,
1440 2789 1475 2832 Β
1473 2802 1512 2847 y
1520 2824 1534 2845 ,
1552 2797 1685 2830 erunt
1711 2780 1870 2850 anguli
1894 2785 2049 2844 CDy,
2066 2784 2108 2828 A
2121 2786 2201 2842 Br,
2223 2786 2295 2829 in-

625 2870 695 2901 ter
711 2803 754 2899 (Ξ
770 2851 965 2922 aequales
976 2852 1116 2915 ,vnde
1135 2863 1179 2902 δε
1195 2852 1277 2917 reli
1316 2871 1398 2901 uus
1415 2851 1609 2922 angulus
1610 2849 1853 2918 y‚angulo
1869 2868 1914 2906 r,
1925 2847 2130 2897 similiter
2144 2867 2295 2918 aequa-

626 2920 700 2981 lis,
719 2939 827 2969 cum
843 2940 923 2990 per
946 2941 987 2982 32
1007 2926 1135 2991 prim.
1158 2871 1332 2972 Eucliffl.
1355 2939 1443 2970 tres
1462 2926 1592 2970 vnius
1608 2916 1822 2987 trianguli
1848 2916 2028 2987 anguli,
2047 2916 2191 2966 tribus
2213 2937 2296 2966 an-

629 2988 745 3057 gulis
765 2990 946 3038 alterius
965 3010 1091 3060 pares
1109 2990 1195 3039 esse
1213 3007 1469 3059 opporteat.
1488 2997 1601 3040 Sunt
1619 2991 1760 3056 igitur
1774 2985 2062 3056 aequiangula
2070 2986 2295 3056 triangula

630 3063 674 3106 D
688 3063 761 3121 Cy
773 3099 785 3119 ‚
803 3065 838 3110 B
853 3061 894 3108 A
906 3077 944 3114 r,
965 3079 1017 3108 ac
1037 3059 1230 3127 proinde
1247 3078 1327 3126 per
1345 3083 1376 3121 4
1392 3055 1500 3106 sexti
1519 3055 1695 3106 Euclid.
1711 3073 1760 3104 vt
1779 3056 1844 3103 est
1856 3054 1992 3120 stylus
2008 3058 2050 3103 A
2062 3061 2094 3103 B
2117 3055 2175 3103 ad
2196 3073 2295 3103 vm-

630 3125 761 3174 bram
782 3131 873 3182 Ar,
896 3133 958 3176 ita
980 3128 1044 3175 est
1061 3126 1197 3192 stylus
1217 3133 1313 3176 CD
1327 3169 1340 3188 ,
1358 3127 1417 3175 ad
1430 3125 1642 3175 vmbram
1669 3130 1711 3174 C
1706 3124 1834 3190 yr&
1856 3121 2030 3172 alterne
2050 3141 2097 3172 vt
2118 3125 2183 3172 est
2207 3123 2295 3188 sty-

630 3193 698 3246 lus
720 3201 813 3245 CD
826 3238 840 3259 ,
859 3196 918 3245 ad
942 3195 1093 3245 stilum
1119 3198 1203 3245 AB
1216 3237 1228 3257 ,
1241 3193 1303 3244 sic
1328 3197 1393 3245 est
1418 3192 1581 3243 vmbra
1599 3199 1640 3244 C
1636 3213 1697 3258 y,
1713 3195 1771 3243 ad
1785 3190 1997 3242 vmbram
2015 3198 2107 3253 Ar,
2122 3210 2217 3260 quo
2242 3190 2296 3241 fit

631 3280 678 3310 vt
693 3261 782 3312 siue
808 3265 906 3331 styli
932 3263 1021 3313 sint
1047 3264 1266 3333 aequales,
1295 3262 1389 3313 siue
1412 3263 1677 3333 inaequales,
1698 3260 1876 3331 semper
1903 3258 2101 3311 seruetur
2132 3260 2293 3309 eadem

631 3335 745 3378 ratio
765 3339 882 3384 inter
905 3338 1159 3405 imaginem
1184 3331 1456 3402 descriptam
1479 3330 1506 3382 ὲ
1533 3331 1648 3398 stylo
1672 3336 1795 3400 CD,
1810 3341 1855 3382 δε
1877 3345 2174 3398 prototypam
2195 3346 2296 3399 quae
