2498 3898
373 192 928 244 PRAELVDIVM
1019 187 1718 250 GEOMETRI‘CVM.
1844 208 1883 239 rr

216 261 275 309 les
307 260 608 311 diuidendum
634 258 898 310 censuerunt
919 296 932 319 ‚
963 261 1215 330 quemlibet
1242 272 1350 306 vero
1377 258 1567 327 gradum
1588 261 1632 306 in
1655 257 1885 328 sexaginta

214 345 363 398 partes
393 325 467 378 seu
485 335 661 378 minuta
684 333 829 398 prima
850 347 900 379 vt
932 329 1162 396 appellant
1182 366 1193 385 ,
1223 326 1468 396 quamlibet
1500 344 1649 375 autem
1672 325 1885 397 sexagess-

214 417 334 446 mam
355 399 518 467 gradus
542 414 709 468 partem
730 395 800 446 seu
821 402 1046 447 minutum
1066 401 1262 464 primum
1286 400 1332 442 in
1358 392 1585 465 sexaginta
1614 399 1791 444 minuta
1818 396 1886 444 se«-

213 467 363 515 cunda
381 477 432 516 ’δε
451 464 511 517 sic
530 473 576 516 in
598 468 831 516 infinitum
855 489 864 515 ε
884 469 1002 534 Qa
1022 484 1128 515 vero
1149 469 1195 512 in
1221 469 1518 513 Geometricis
1538 465 1638 513 crim
1662 463 1718 512 ad
1739 483 1881 535 angu-

215 535 367 585 lorum·
384 542 659 605 quantitates
682 536 979 583 dimetiendas
1009 551 1104 583 tum
1135 535 1191 582 ad
1226 531 1506 581 inscribenda
1535 532 1699 581 circulo
1733 539 1881 599 omnis

215 609 384 672 generis
402 606 636 676 polygona
660 619 851 672 magnus
879 604 938 652 est
965 603 1062 652 vsus
1083 599 1313 651 diuisionis
1333 601 1470 658 iilius,
1490 598 1710 670 super·27
1736 611 1780 651 &
1816 604 1881 653 vI-

217 680 332 722 timo
351 676 482 722 ‘huius
502 678 651 742 primae
673 672 833 720 tabulae
864 673 1193 745 diagrammate
1221 671 1438 719 nonnihil
1470 671 1524 719 de
1558 666 1648 739 ipsa
1677 676 1878 739 praemit-

216 743 467 790 tere-statui⁴
604 769 607 780 ι
695 758 713 775 ·
1697 744 1715 765 ⁸

281 807 439 860 Diuisa
466 813 701 882 ergo‘tota
722 811 866 860 circuli
890 812 1136 881 peripheria
1158 815 1204 857 in
1233 824 1452 856 trecentas
1477 806 1703 878 sexaginta
1728 818 1874 876 partes

213 880 402 949 aequales
421 879 495 929 seu
516 883 702 952 gradus,
727 881 986 929 continebit
997 877 1293 928 semicirculus
1313 893 1495 925 centum
1509 881 1758 948 oetoginta
1770 896 1878 948 gra*-

213 949 294 997 dus
313 946 386 996 seu
406 967 549 1018 partes
572 947 809 1004 eiusmodi,
830 949 1023 1018 quilibet
1038 965 1147 996 vero
1166 946 1391 1017 quadrans
1405 949 1746 1017 nonaginta‚&
1767 965 1880 1017 quo=

213 1020 515 1087 niam-'anguli
532 1016 735 1068 mensura
758 1018 816 1065 est
839 1020 1070 1086 quantitas
1091 1032 1216 1065 arcus
1234 1032 1284 1063 ex
1308 1014 1526 1065 concursu
1556 1016 1772 1065 linearum
1802 1035 1878 1064 an-

213 1089 367 1156 gulum
388 1085 761 1136 'constituentium
785 1103 1001 1155 tanquam
1020 1102 1177 1135 centro
1196 1083 1402 1152 descripti
1421 1088 1537 1133 inter
1551 1084 1724 1135 easdem
1737 1087 1875 1134 lineas

210 1163 456 1223 intercepta
471 1178 485 1209 ‚·
505 1152 647 1206 verbi*
682 1159 793 1204 tatia
806 1150 821 1213 ¹,
836 1160 882 1203 in
905 1155 1226 1225 diagrammate
1247 1176 1309 1214 24
1331 1153 1491 1202 tabulae
1506 1152 1877 1222 primaennensu—

210 1241 256 1274 ra
273 1224 429 1293 anguli
449 1230 597 1276 CAD
620 1246 641 1274 e
698 1228 928 1294 quantitas
950 1242 1073 1272 arcus
1106 1230 1202 1274 CD
1236 1243 1287 1272 ex
1320 1239 1476 1271 centro
1504 1228 1542 1272 A
1572 1222 1780 1290 descripti
1808 1228 1882 1271 in-

210 1307 407 1363 tercepta
425 1298 544 1344 inter
565 1295 704 1343 lineas
721 1298 759 1343 A
777 1298 817 1341 C
839 1304 884 1342 &
904 1299 938 1343 A
958 1298 1001 1342 D
1019 1332 1031 1352 ,
1060 1298 1252 1363 cognito
1276 1308 1392 1362 quot
1416 1293 1575 1362 gradus
1599 1288 1674 1341 aut
1687 1295 1878 1341 circum-

208 1361 408 1412 ferentiae
427 1379 574 1433 partes
597 1364 829 1412 contineat
854 1381 976 1411 arcus
994 1370 1031 1411 C
1048 1369 1090 1412 D
1104 1401 1117 1421 ‚
1141 1362 1268 1412 facile
1292 1367 1374 1410 erit
1390 1365 1705 1432 quantitatem
1722 1361 1877 1432 anguli

211 1438 251 1481 C
268 1439 301 1482 A
317 1438 361 1482 D
385 1428 847 1500 pronunciarert
860 1450 965 1480 vero
977 1432 1197 1502 graduum
1217 1429 1290 1479 seu
1309 1435 1504 1498 partium
1517 1428 1875 1492 circumferentie

210 1495 266 1548 sit
287 1508 457 1551 atcusC
472 1508 515 1551 D
536 1499 694 1550 scietur
715 1502 803 1548 hoc
823 1501 988 1554 modo3
1012 1497 1304 1568 supponimus
1323 1499 1472 1567 primo
1496 1499 1659 1548 lineam
1678 1504 1717 1549 A
1731 1505 1781 1549 D
1797 1500 1880 1549 vbi

210 1568 467 1618 describitur
479 1587 598 1618 arcus
606 1569 755 1617 circuli
766 1569 916 1638 figurae
928 1588 951 1615 2
962 1589 990 1629 4
1001 1569 1216 1638 aequalem
1228 1567 1311 1617 esse
1320 1569 1443 1616 lineae
1462 1566 1531 1616 seu
1544 1568 1876 1618 semidiametro

210 1639 463 1705 AB.figurae
477 1655 653 1707 27,quo
667 1637 820 1705 posito
831 1635 1048 1686 sumendo
1062 1641 1227 1686 circino
1237 1640 1472 1685 communi
1483 1640 1529 1683 in
1542 1637 1685 1707 figura
1697 1658 1720 1684 2
1731 1636 1876 1704 4.spa-

207 1714 319 1755 tium
338 1703 410 1757 seu
434 1708 687 1758 distantiam
708 1713 751 1757 D
768 1712 808 1756 C
828 1744 841 1766 ,
862 1702 1081 1755 eiusmodi
1105 1710 1259 1755 circini
1279 1709 1876 1774 aperturamanenteiinrno-

210 1776 290 1825 bili
304 1778 514 1827 statuatur
534 1794 646 1826 vnus
665 1777 778 1825 illius
794 1792 868 1843 pes
879 1779 927 1823 in
938 1780 1111 1844 punoto
1123 1779 1153 1823 Β
1166 1777 1505 1846 diagrammatis
1522 1795 1580 1837 27
1593 1815 1607 1835 ,
1628 1776 1737 1824 alter
1748 1774 1877 1822 cadet

208 1846 315 1894 iuste
332 1851 379 1895 in
402 1843 760 1894 circumferentia
781 1843 905 1913 super
922 1847 1112 1915 gradum
1134 1841 1527 1915 quadragesimum
1551 1849 1782 1915 quintum,
1801 1841 1882 1913 sic-⁴

212 1934 300 1985 que
318 1915 395 1963 fiet
412 1930 462 1964 vt
481 1914 673 1984 angulus
693 1920 782 1964 CA
799 1920 840 1964 D
868 1911 1169 1983 cognoscatur
1193 1913 1275 1963 effe
1301 1912 1354 1976 4}
1375 1913 1607 1983 graduum.
1865 1934 1868 1936 “

277 1987 457 2031 Breuius
473 1983 621 2031 adhuc
643 1993 686 2031 &
708 1980 1009 2032 faciliusidem
1020 1983 1243 2052 praestabit
1264 1986 1526 2053 quicunque
1545 1982 1675 2033 'vsum
1693 1983 1874 2035 callebit

207 2055 358 2100 circini
376 2055 730 2119 proportionum
750 2052 835 2100 hac
856 2056 1033 2101 ratione
1051 2073 1061 2106 3
1077 2050 1203 2102 faeto
1226 2069 1457 2121 vrcunque
1476 2055 1524 2100 in
1547 2053 1876 2123 diagrammate

209 2141 233 2168 2
246 2144 270 2181 4
286 2141 336 2169 ex
351 2137 506 2181 centro
520 2123 556 2169 A
567 2128 718 2171 arcuC
734 2127 777 2171 D
791 2159 803 2180 ‚
816 2119 1234 2171 transferaturlinea
1244 2124 1364 2170 ree‘ta
1385 2128 1419 2170 A
1435 2127 1479 2171 D
1492 2138 1565 2169 aut
1579 2126 1617 2171 A
1637 2128 1674 2172 C
1695 2127 1743 2172 in
1762 2123 1877 2171 linea

209 2188 439 2237 diuisionis
458 2189 721 2239 circulorum
732 2186 805 2238 seu
817 2191 1084 2239 chordarum
1099 2191 1154 2239 ad
1166 2208 1417 2258 aperturam
1437 2195 1609 2239 numeri
1623 2206 1681 2241 60
1699 2204 1710 2255 <
1728 2193 1803 2240 hic
1815 2191 1875 2239 est

208 2276 411 2306 numerus
428 2255 741 2306 semidiametri
764 2256 1145 2319 circuli)sumatur
1166 2260 1327 2308 deinde
1357 2263 1588 2308 communi
1613 2265 1780 2310 circino
1812 2255 1877 2307 di-

208 2326 366 2374 stantia
388 2332 426 2375 C
441 2331 484 2374 D
495 2363 508 2383 ,
522 2326 908 2397 transferaturque
921 2329 978 2376 ad
992 2329 1083 2376 duo
1094 2332 1266 2396 puncta
1278 2333 1324 2377 in
1338 2331 1505 2377 circino
1518 2334 1874 2398 proportionum

208 2394 432 2463 aequaliter
454 2394 512 2442 ab
537 2395 653 2443 illius
684 2412 841 2445 centro
865 2396 1010 2446 diffita
1027 2417 1069 2446 v.
1094 2415 1136 2467 g.
1159 2400 1203 2444 in
1222 2397 1531 2466 paradigmate
1552 2399 1791 2466 proposito
1822 2397 1875 2444 fi-

209 2481 328 2532 gurae
351 2484 434 2524 24,
453 2462 598 2532 posita
615 2464 730 2513 linea
748 2470 783 2514 Α
801 2472 840 2516 C
865 2466 920 2514 ad
948 2483 1196 2535 aperturam
1229 2471 1404 2515 numeri
1447 2478 1507 2517 60
1543 2471 1588 2515 in
1611 2467 1724 2516 linea
1747 2467 1873 2516 chot-

210 2533 365 2580 darum
388 2534 458 2580 seu
480 2533 712 2583 diuisionis
735 2536 906 2596 circuli,
924 2539 1092 2584 circino
1112 2540 1428 2604 proportionis
1449 2552 1659 2584 manente
1677 2539 1872 2585 immoto

209 2606 442 2667 reperietur
464 2601 672 2651 distantia
700 2608 1033 2673 CD,aperturae
1050 2608 1227 2653 numeri
1249 2625 1299 2667 45
1316 2602 1514 2674 perfeete
1527 2623 1772 2676 congruere
1783 2601 1869 2653 fic*-

211 2685 298 2737 que
315 2674 485 2736 poterit
503 2676 731 2721 enunciari
757 2675 977 2744 angulum
1004 2679 1093 2725 CA
1109 2682 1150 2724 D
1178 2694 1231 2736 45
1251 2675 1416 2744 gradus
1437 2670 1681 2722 continere.
1865 2668 1872 2673 ¹

278 2742 364 2786 His
381 2739 537 2806 positis
556 2742 786 2809 principiis
807 2755 851 2793 δε
883 2741 1195 2792 fundamentis
1219 2762 1317 2791 non
1343 2747 1423 2790 erit
1455 2742 1634 2793 difficile
1657 2764 1707 2791 ex
1728 2747 1777 2792 iis
1799 2744 1875 2792 dass

209 2822 261 2854 to
286 2811 537 2877 cuicunque
557 2810 721 2857 circulo
751 2813 989 2882 polygona
1018 2816 1185 2881 quaeuis
1213 2810 1452 2860 inscribere
1469 2849 1481 2870 ‚
1508 2812 1540 2859 si
1568 2829 1720 2868 tamon
1751 2817 1869 2882 prius

211 2873 404 2942 ipsorum
427 2881 568 2925 centri
587 2878 863 2941 annulorum
880 2878 1510 2950 quantitasiiinotescat3sunt
1527 2899 1674 2930 autem
1697 2887 1743 2930 in
1755 2900 1869 2951 quo-

208 2947 274 2992 uis
294 2945 532 3015 polygono
554 2943 626 2994 seu
653 2921 800 3019 figura
818 2949 1205 3017 planamultorum
1216 2952 1490 3021 angulorum
1504 2960 1546 2998 ὃς
1569 2949 1775 3008 laterum,
1792 2968 1868 2998 an-

209 3014 302 3083 guli
322 3019 460 3063 centri
478 3018 558 3084 qui
575 3013 600 3063 a
619 3017 800 3066 duobus
810 3023 939 3067 teritis
956 3019 1083 3067 lineis
1103 3017 1295 3088 exipsius
1309 3034 1466 3068 centro
1480 3020 1537 3067 ad
1551 3018 1663 3068 duos
1674 3020 1865 3088 angulos

207 3085 443 3150 proximos
454 3085 1020 3137 duetiscontinenturvtin
1033 3087 1459 3159 figura18.angulus
1479 3093 1620 3136 centri
1638 3089 1869 3157 hexagoni

209 3152 528 3221 eritangulusB
540 3158 576 3203 A
593 3161 633 3204 C
656 3174 794 3224 quem
804 3159 1016 3205 nimirum
1033 3157 1310 3207 constituunt
1330 3159 1452 3205 linea:
1467 3159 1643 3215 AB‚AC
1668 3155 1692 3203 a
1710 3174 1864 3204 centro

209 3225 245 3271 A
258 3221 313 3268 ad
325 3221 438 3269 duos
451 3223 640 3291 angulos
652 3228 887 3292 proximos
901 3228 928 3271 B
943 3234 981 3277 C
1001 3227 1356 3295 progredientes.
1372 3221 1693 3294 Cognoscctut
1715 3241 1865 3273 autem

209 3290 370 3340 horum
381 3294 651 3361 angulorum
662 3297 892 3363 quantitas
903 3293 1398 3367 {idiuidaturnumerus
1420 3306 1469 3356 5⁶
1483 3313 1508 3342 o
1531 3312 1610 3360 per
1629 3311 1863 3344 numerum

1559 3365 1588 3411 B
1661 3368 1688 3431 ij
