2498 3898
635 268 701 300 τι).
938 248 1613 297 THAVMATVRGI
1692 247 2008 294 OPTICI

638 319 939 387 cilioremque
956 325 1003 366 in
1022 317 1301 386 acquirenda
1315 333 1615 384 vtrorumque
1645 320 1916 385 cognitione
1933 311 2018 362 sibi
2047 317 2167 361 viam
2194 313 2300 361 ster-

642 405 720 436 nat
732 429 744 450 ,
767 387 813 435 id
830 392 920 435 iam
936 385 960 435 a
977 385 1113 434 nobis
1133 389 1341 454 requirit,
1365 402 1413 433 vt
1428 389 1474 433 in
1489 383 1579 432 hoc
1598 382 1717 432 libro
1734 389 1917 432 initium
1935 383 2155 432 ducamus
2173 379 2232 430 ab
2250 386 2300 429 iis

640 474 741 524 quae
770 462 816 504 in
837 453 911 504 sua
929 454 1268 503 construitione
1288 464 1331 503 &
1353 451 1429 502 vsu
1458 454 1634 502 dircstae
1658 450 1839 500 visionis
1864 452 2029 501 limites
2056 469 2153 498 non
2173 469 2302 519 egre-

643 526 852 584 diuntur,
869 543 916 572 vt
935 523 1041 571 inde
1062 523 1402 592 progrediendo
1419 521 1604 571 vlterius
1625 563 1636 582 ‚
1655 526 1702 568 in
1723 519 1906 570 duobus
1924 518 2048 570 libris
2073 517 2303 589 sequenti-

643 593 727 642 bus
745 611 904 641 eorum
923 610 1022 660 quae
1051 592 1108 639 ad
1129 591 1424 640 reflexionem
1447 591 1468 637 ἐ
1497 588 1685 659 speculis
1704 632 1715 651 ,
1740 601 1783 641 ὃς
1803 587 2128 640 refractionem
2145 594 2192 636 in
2209 590 2303 637 dia-

641 661 802 731 phanis
822 666 1054 730 pertinent
1070 701 1082 721 ‚
1103 665 1423 709 tractationem
1439 660 1771 729 aggrediamur.
1807 665 1981 730 Neque
1999 675 2107 706 vero
2126 655 2299 720 consilij

642 731 781 778 nostri
798 730 862 778 est
878 733 1033 777 omnia
1060 746 1152 797 que
1179 730 1404 796 possemus
1433 726 1553 776 cii-ca
1578 747 1732 796 praxes
1754 727 2006 788 eiusmodi,
2024 744 2101 775 aut
2120 724 2225 774 alias
2245 726 2303 774 ad

643 797 929 867 propositum
957 799 1163 846 nostrum
1187 795 1433 866 speffiltantia
1458 802 1506 844 in
1529 797 1735 845 medium
1754 794 1957 865 proferre
1974 820 1985 846 :
2003 793 2191 846 sufficiet
2218 815 2303 844 no-

642 866 711 916 bis
740 872 972 937 precipuas
985 877 1028 916 δε
1044 864 1291 936 singulares
1308 865 1481 934 aliquas
1502 883 1781 934 proponere,
1799 865 1821 912 ἐ
1838 865 2008 935 quibus
2029 885 2152 914 noua
2169 866 2303 915 &ad-

642 937 849 985 miranda
869 936 955 984 alia
970 955 1110 1004 quam
1131 934 1483 1003 plurima‚velut
1503 954 1526 983 e
1548 931 1756 984 fontibus
1775 935 1945 984 riuulos
1964 931 2088 983 facili
2103 939 2303 1004 negocio

642 1005 805 1055 elicere
822 1003 1042 1053 valebunt
1061 1010 1142 1073 qui
1165 1003 1236 1052 vel
1254 1009 1499 1052 minimum
1515 1008 1562 1052 in
1578 1009 1746 1073 opticis
1762 1001 1921 1053 versati
1945 1000 2118 1052 fuerint
2134 1022 2212 1052 aut
2235 1009 2305 1051 in-

641 1079 762 1144 genij
789 1073 964 1142 aliquid
979 1072 1037 1121 ad
1058 1074 1266 1141 praeclara
1287 1072 1438 1125 isthaec
1456 1078 1645 1122 inuenta
1662 1072 1920 1122 habuerint.

712 1148 844 1192 Fiunt
862 1142 985 1191 certe
1000 1147 1047 1191 in
1069 1139 1344 1211 quibusdam
1365 1147 1502 1191 etiam
1520 1140 1739 1192 intercisis
1769 1141 1842 1192 seu
1858 1139 2059 1193 infrad’tis
2078 1143 2222 1211 planis
2242 1141 2305 1190 la-

643 1209 831 1261 boriosae
850 1216 1000 1280 potius
1022 1231 1163 1280 quam
1181 1208 1414 1281 ingeniose
1430 1216 1653 1280 imagines
1670 1253 1682 1273 ,
1698 1211 1839 1261 veluti
1900 1231 1954 1273 ue
1980 1216 2029 1259 in
2045 1208 2219 1261 sulcatis
2241 1229 2304 1258 ra>-

643 1280 761 1330 bulis
776 1279 976 1341 exhibite
993 1300 1130 1329 vnam
1149 1301 1201 1330 ex
1217 1299 1309 1328 vno
1329 1279 1468 1336 latere
1484 1280 1619 1328 aliam
1641 1300 1692 1329 ex
1711 1279 1801 1328 alio
1819 1300 1865 1329 re
1904 1281 2019 1329 dunt
2037 1286 2302 1350 imaginem,

641 1355 787 1398 immo
807 1349 1056 1417 aliquando
1082 1350 1309 1417 triplicem
1327 1389 1339 1410 ,
1359 1346 1528 1398 scilicet
1544 1367 1681 1397 vnam
1702 1367 1726 1396 e
1743 1347 1865 1398 redsta
1883 1344 2037 1398 fronte
2058 1360 2101 1399 &
2123 1347 2307 1418 asperii-u

644 1419 819 1466 directo
836 1459 847 1478 ‚
879 1417 987 1466 duas
1008 1437 1059 1466 ex
1086 1417 1284 1485 obliquo
1303 1459 1316 1478 ‚
1333 1435 1471 1465 vnam
1497 1436 1549 1465 ex
1574 1436 1666 1465 vno
1685 1418 1823 1466 latere
1840 1459 1853 1478 ‚
1879 1417 2014 1466 aliam
2034 1438 2085 1467 ex
2103 1418 2192 1467 alio
2211 1446 2221 1477 ·‚
2246 1424 2307 1466 ita·

643 1505 690 1534 vt
710 1486 877 1535 directe
900 1483 1096 1554 specstate
1114 1485 1281 1554 poffint
1296 1487 1547 1534 humanam
1566 1481 1748 1548 faciem,
1772 1484 1793 1532 ὲ
1811 1486 1950 1535 latere
1967 1487 2124 1535 dextro
2144 1493 2304 1535 mortis

645 1554 845 1624 effigiem
864 1596 876 1616 ‚
894 1553 916 1601 ὲ
936 1553 1111 1604 sinistro
1133 1556 1330 1624 quoduis
1351 1555 1474 1603 aliud
1503 1555 1560 1603 ad
1580 1554 1764 1604 libitum
1788 1552 2090 1624 representare
2108 1578 2117 1603 :
2149 1561 2204 1604 Et
2221 1556 2304 1604 hu-

641 1621 838 1674 iusmodi
861 1624 1054 1694 quidem
1070 1629 1252 1692 pisturae
1270 1642 1429 1673 recens
1446 1628 1643 1672 inuentae
1660 1643 1879 1692 magnam
1896 1624 2147 1694 aliquando
2159 1626 2305 1673 admi-

640 1698 868 1743 rationem
893 1691 993 1741 sunt
1024 1691 1267 1754 consecute
1292 1693 1415 1761 apud
1446 1712 1524 1741 eos
1553 1698 1633 1762 qui
1658 1682 1842 1743 niu}atae
1867 1698 2129 1762 apparentie
2154 1691 2304 1742 causas

640 1762 704 1810 no
714 1760 1216 1832 intelligebantzverum
1225 1780 1476 1810 commune
1489 1763 1605 1810 adeo
1623 1773 1668 1812 ὃς
1677 1762 1862 1832 vulgare
1871 1768 1962 1812 iam
1974 1761 2168 1812 artifieiti
2178 1763 2305 1823 est‚vt

640 1831 766 1900 apud
774 1828 971 1881 curiosos
981 1830 1421 1890 inoleuerit3adillud
1429 1835 1604 1899 quippe
1613 1833 1851 1900 magnario
1863 1833 1928 1882 est
1937 1851 2054 1900 opus
2070 1832 2298 1880 industria.

711 1906 851 1950 Primi
879 1905 1005 1949 enim
1029 1904 1208 1969 generis
1229 1941 1241 1961 ,
1261 1898 1430 1948 scilicet
1457 1899 1650 1968 duplicis
1669 1899 1872 1968 aspectus
1893 1942 1905 1963 ,
1923 1899 2042 1949 fiunt
2057 1905 2306 1970 imagineS,

641 1988 749 2019 cum
769 1968 922 2039 lignea
939 1967 1097 2018 tabula
1111 1973 1340 2037 perpetuis
1358 1966 1540 2038 sibique
1557 1968 1883 2030 coherentibus
1901 1967 2030 2018 sulcis
2042 1986 2306 2030 excauatur,

641 2056 782 2107 atque
799 2045 847 2088 in
873 2057 1116 2107 porcarum
1140 2037 1357 2087 lateribus
1384 2037 1494 2088 hinc
1519 2056 1662 2086 vnum
1679 2079 1693 2099 ,
1711 2039 1820 2087 inde
1836 2039 1960 2088 aliud
1980 2036 2308 2087 simulachrum

641 2113 835 2176 propriis
857 2106 1145 2158 lineamentis
1163 2104 1406 2156 coloribus
1432 2126 1489 2155 ue
1515 2111 1780 2176 exprimitur
1803 2149 1818 2170 ‚
1841 2102 1904 2157 {ic
1919 2126 1968 2157 vt
1996 2125 2158 2155 omnes
2174 2110 2305 2154 vnius

642 2174 906 2228 simulachri
923 2195 1070 2243 partes
1088 2181 1301 2245 quamuis
1315 2124 1452 2236 diuise
1471 2174 1551 2224 sub
1567 2180 1696 2225 vnius
1710 2175 1861 2227 lateris
1877 2174 2110 2245 aspertum
2124 2175 2307 2239 cadant,

641 2256 686 2296 ὃ(
704 2246 886 2296 alterius
903 2245 1107 2295 similiter
1126 2243 1205 2293 sub
1223 2244 1406 2294 alterius
1430 2244 1578 2294 lateris
1596 2242 1779 2313 aspecitu
1796 2263 2051 2295 cernantur.

709 2316 924 2385 Triplicis
954 2334 1062 2363 vero
1086 2319 1223 2363 etiam
1245 2310 1448 2382 aspectus
1466 2312 1584 2363 fiunt
1601 2332 1709 2363 cum
1725 2313 1894 2364 *tabulae
1913 2311 2022 2364 sulci
2037 2318 2242 2363 uoniam
2260 2317 2309 2361 in

645 2384 926 2453 triangulum
946 2401 1241 2444 excauantur,
1257 2380 1397 2431 sedin
1411 2382 1628 2451 parallelo
1666 2401 1894 2432 tammum
1910 2381 1985 2431 seu
1995 2388 2147 2451 potius
2163 2388 2211 2431 in
2230 2401 2312 2451 pa-

642 2452 1037 2523 rallellepipedum
1054 2494 1068 2514 ,
1088 2458 1151 2501 ita
1162 2471 1210 2500 vt
1235 2471 1397 2500 eorum
1421 2450 1561 2500 latera
1581 2401 1746 2500 tagulae
1762 2451 1901 2519 plano
1920 2453 1979 2500 ad
1997 2456 2145 2501 red‘tos
2164 2470 2310 2520 angu-

642 2523 710 2570 los
731 2528 1062 2572 commitantur
1080 2544 1089 2569 :
1109 2526 1178 2570 Ita
1202 2525 1327 2570 enim
1353 2519 1433 2569 fiet
1456 2538 1505 2568 vt
1523 2521 1754 2588 assumptis
1775 2520 1920 2569 tribus
1936 2519 2214 2589 imaginibus
2234 2517 2310 2567 seu

642 2589 922 2653 simulachris
944 2589 1144 2639 eiusdem
1161 2589 1511 2657 magnitudinis,
1530 2607 1618 2636 vna
1636 2586 1915 2656 supponatur
1932 2607 2014 2656 pro
2032 2586 2195 2636 tabulae
2213 2583 2311 2635 fun-

644 2662 706 2709 do
721 2701 733 2721 ‚
756 2678 849 2729 que
879 2660 1053 2709 directo
1079 2676 1290 2708 cernetur
1309 2662 1476 2705 intuitu
1496 2683 1506 2716 3
1528 2656 1621 2706 aliae
1638 2674 1793 2705 autem
1816 2658 1912 2706 duae
1938 2654 2192 2706 secundum
2218 2657 2313 2705 lon-

645 2730 907 2798 gitudinem
929 2728 1054 2777 velut
1079 2733 1127 2776 in
1148 2722 1302 2785 fascias
1322 2726 1586 2775 diuidantur
1600 2768 1613 2788 ,
1644 2743 1896 2796 earumque
1917 2745 2063 2796 partes
2089 2730 2138 2773 in
2162 2725 2313 2775 lateri-

645 2799 730 2849 bus
748 2796 976 2847 sulcorum
997 2792 1449 2867 perpendicularibus
1468 2796 1771 2845 ordinatim&
1789 2795 1998 2864 apposite
2009 2794 2313 2855 collocentur,

647 2886 747 2937 quae
766 2867 932 2915 deinde
954 2863 1206 2935 perfestam
1223 2883 1275 2914 ex
1289 2881 1486 2933 Vtroque
1514 2863 1653 2914 latere
1673 2867 1900 2933 piffiiram
1915 2864 2120 2934 aliquam
2140 2882 2224 2932 pro
2243 2882 2313 2912 ar-

646 2936 786 2986 bitrio
804 2936 1133 3005 repraesentent.

717 3005 827 3054 Vidi
850 3010 974 3053 etian
996 3005 1120 3053 aliud
1147 3001 1392 3052 artificium
1418 3002 1574 3072 quod,
1593 3006 1785 3068 opinor,
1801 3008 2025 3070 prirnaeuae
2047 2998 2129 3050 suae
2153 3005 2314 3049 inuen-

648 3079 786 3124 tionis
821 3078 1051 3143 originem
1088 3070 1229 3123 habet
1267 3070 1289 3116 ἑ
1321 3070 1526 3120 Flandria
1549 3110 1563 3131 ,
1596 3069 1675 3118 vbi
1709 3076 1792 3140 qui
1824 3071 2068 3141 pingendis
2101 3075 2312 3138 imagun-

649 3143 761 3193 culis
770 3161 959 3211 operam
978 3160 1164 3203 nauanr,
1178 3146 1334 3190 icones
1344 3136 1563 3207 quasdam
1571 3137 1663 3188 siue
1682 3136 1980 3189 indiserentes
1994 3140 2053 3189 ad
2061 3138 2313 3198 arbitrium,

650 3211 723 3261 seu
737 3212 886 3261 vultus
906 3210 1094 3260 alicuius
1111 3213 1169 3260 ad
1183 3215 1341 3257 viuum
1362 3205 1628 3276 expreffiuas
1647 3215 1708 3258 ita
1720 3208 1996 3279 depingunt,
2016 3227 2064 3258 vt
2082 3203 2248 3276 poffint
2258 3205 2316 3254 ad

648 3298 722 3329 eas
748 3279 919 3330 diuersa
938 3273 1179 3330 succeffiue
1197 3275 1310 3327 folia
1327 3282 1530 3327 mariana
1544 3278 1787 3349 applicari,
1805 3296 1905 3348 quae
1922 3296 1970 3329 vt
1993 3276 2078 3327 rite
2093 3272 2315 3344 expressos
