2498 3898
391 284 401 287 -
657 237 1418 293 LtssERsECVNDVS;
1802 262 1874 304 177

188 315 296 363 dine
315 312 533 383 positum,
561 331 607 362 vt
627 313 738 361 dum
764 321 801 363 S.
822 317 1004 361 Ioannis
1034 311 1330 381 Euangelistae
1366 315 1548 359 iconem
1577 307 1869 367 adumbrant,

187 374 358 431 vestem
374 383 438 430 illi
454 377 667 442 viridem,
689 381 879 450 pallium
899 399 1179 450 purpureum
1202 379 1445 448 effingam,
1464 396 1560 447 quo
1581 376 1709 429 illum
1737 378 1868 426 habi-

190 471 239 499 tu
256 470 339 499 nos
360 456 498 499 etiam
515 456 642 521 pingi
665 456 921 499 curauimus
939 491 951 510 ,
966 449 1264 499 commodam
1293 449 1454 495 exinde
1475 443 1769 496 occasionem
1788 465 1867 494 na-

190 526 271 579 csti,
293 525 340 580 in
360 518 629 588 longissimis
649 530 693 584 &
715 517 918 587 obliquis
952 520 1075 566 istius
1103 521 1365 585 proiecturae
1392 515 1704 576 lineamentis,
1723 525 1767 564 δε
1791 534 1871 562 co-

189 588 339 636 lorum
359 588 595 649 ductibus,
616 580 668 637 ei:
689 587 766 636 illa
792 587 914 634 veste
938 588 1067 635 viridi
1098 585 1187 633 late
1218 602 1453 653 patentem
1483 584 1734 649 effingendi
1761 603 1867 652 pro-

188 654 389 725 spedlum
409 658 709 724 campestrem
728 656 924 718 directis,
944 674 991 704 vt
1021 655 1212 702 diximus
1233 695 1244 714 ,
1275 654 1406 701 radiis
1435 652 1493 702 ab
1521 642 1865 702 ambulantibus

190 744 270 793 per
289 731 488 794 porticus
509 725 873 794 longitudinem,
895 722 1278 774 considerandum
1293 764 1304 783 ‚
1327 727 1373 769 in
1399 740 1494 791 quo
1525 720 1687 788 syluaS,
1716 741 1865 791 agros,

188 812 400 848 nemora,
418 794 556 854 aedes,
579 794 758 854 hortos,
779 792 1091 862 arborumque
1106 834 1117 853 ,
1135 790 1383 839 herbarum
1403 801 1446 840 δε
1473 791 1637 838 florum
1665 790 1864 860 insignes

189 867 425 911 varietates
443 904 455 923 ,
478 881 629 917 antra,
648 880 862 912 cauernas
872 901 887 924 ,
906 866 1177 921 animantia,
1197 859 1408 908 bestiolas
1422 899 1435 919 ,
1450 856 1650 907 sinuosos
1671 865 1867 923 marium

188 929 439 994 anfra&us,
462 937 603 1000 ripas,
623 932 797 991 littora,
818 950 958 980 naues
977 974 989 993 ,
1009 929 1243 988 incendia,
1263 928 1408 989 lacus,
1436 925 1710 997 piscatorum
1738 947 1865 993 cym-

190 998 294 1061 bas,
312 1019 451 1049 naues
480 1006 729 1062 onerarias,
752 1010 795 1049 ὃς
821 1005 1025 1049 triremes
1049 1000 1107 1048 ad
1133 1015 1339 1067 pugnam
1366 994 1642 1065 compositas
1676 995 1865 1067 effinge-

190 1067 350 1118 bamus
369 1080 411 1120 ὃς
428 1088 475 1119 νε
490 1069 633 1133 verbo
654 1071 803 1119 dicam
822 1087 1112 1139 quaecunque
1134 1073 1181 1115 in
1201 1064 1423 1115 eiusmodi
1446 1069 1630 1135 pickuris
1650 1064 1796 1115 solent
1806 1067 1865 1115 ad

190 1156 402 1188 ornatum
422 1136 643 1188 adhiberi.

291 1206 467 1256 Verum
485 1206 546 1257 fic
560 1213 726 1270 ‘natiuis
746 1219 790 1259 δε
817 1215 1026 1280 genui-nis
1043 1209 1276 1257 coloribus
1299 1200 1460 1271 πῧὲἐρμι
1483 1209 1563 1256 ista
1577 1213 1767 1256 veniunt
1796 1212 1865 1255 m«

189 1292 257 1323 tra
276 1275 419 1325 du<stae
436 1281 698 1346 proieolurae
718 1278 884 1328 limites
903 1277 1241 1338 adumbrancla,
1258 1296 1305 1326 νε
1324 1277 1496 1336 direti‘m
1515 1276 1707 1344 quidem
1735 1281 1868 1325 intuia

189 1361 238 1391 tu
262 1355 304 1394 ὃς
321 1343 345 1393 ὲ
360 1347 546 1395 modica
566 1347 774 1396 distantia
793 1347 914 1397 bene
930 1349 1192 1409 videantur,
1212 1345 1287 1395 sed
1312 1346 1333 1393 e
1352 1351 1525 1416 puncim
1553 1345 1801 1415 longinqui
1820 1355 1865 1394 &

188 1411 371 1484 obliqui
387 1415 590 1484 aspectus
609 1435 706 1464 non
726 1415 1058 1478 discernantur,
1080 1436 1139 1465 ne
1158 1421 1421 1486 primarium
1446 1414 1680 1463 delineatae
1704 1420 1869 1484 imagi>-

186 1488 256 1531 nis
277 1484 492 1534 effechm
508 1486 869 1553 impediant,aut
888 1491 1070 1556 piciturae
1089 1486 1312 1535 venustati
1332 1490 1585 1554 quicquam
1610 1483 1871 1545 detrahant,

187 1554 317 1619 quod
335 1551 546 1603 succedet
567 1553 590 1602 ἐ
610 1572 720 1603 voto
746 1553 780 1603 fi
800 1557 993 1604 modicae
1023 1559 1289 1624 quantitatis
1308 1548 1501 1614 fuerint,
1520 1564 1563 1602 ὃς
1588 1550 1741 1621 figurae
1765 1551 1867 1621 ipsae

185 1619 430 1672 hominum
450 1635 495 1673 &
511 1629 814 1672 animantium
835 1643 942 1673 cum
962 1623 1310 1672 adhibebuntur
1324 1664 1336 1684 ,
1349 1641 1494 1691 paruae
1512 1620 1866 1685 adumbrentur,

186 1704 231 1742 &
248 1692 353 1742 alias
371 1711 454 1761 pro
470 1711 517 1741 re
535 1710 642 1742 nata
656 1691 833 1762 fingula
854 1691 1089 1764 fingantur
1115 1703 1159 1742 δε
1181 1693 1597 1740 accommodentur
1610 1731 1622 1750 ,
1644 1689 1866 1760 locusque

186 1773 233 1812 ὃς
249 1760 355 1811 situs
370 1757 555 1823 ηιῧὲέργις
573 1762 878 1831 depingendis
901 1768 949 1810 in
972 1767 1147 1831 piolura
1168 1760 1362 1830 obliqua
1387 1759 1598 1831 seligatur
1626 1758 1685 1806 ab
1704 1779 1867 1811 eorum

187 1831 423 1882 coloribus
457 1849 685 1900 quantum
712 1829 809 1880 fieri
838 1836 1006 1900 poterit
1031 1830 1223 1879 minime
1258 1827 1526 1899 discrepans.
1598 1832 1670 1877 Sic
1707 1848 1793 1878 nos
1820 1837 1874 1879 in‘

187 1898 388 1951 obscuris
401 1912 444 1952 ὃς
454 1898 676 1950 vmbrofis
685 1901 836 1949 viridis
848 1906 1000 1961 tunice
1010 1898 1358 1965 sinubus,syluas
1373 1895 1529 1947 densas
1539 1908 1582 1947 δε
1593 1894 1869 1966 frequentis-

186 1968 308 2019 fimis
325 1969 563 2019 arboribus
576 1967 750 2032 consita
760 1989 949 2018 nemora
966 1968 1255 2038 ponebamus
1267 1996 1278 2027 3
1290 1973 1336 2016 in
1355 1965 1652 2016 lucidioribus
1664 1965 1867 2018 eiusdem

188 2045 350 2089 tunicae
370 2038 572 2108 partibus
588 2037 680 2086 siue
698 2044 973 2100 eminentiis,
984 2038 1122 2087 flauas
1141 2036 1312 2108 segetes
1333 2048 1379 2086 &
1393 2035 1519 2085 meffi
1542 2041 1631 2085 iam
1652 2054 1866 2098 maturas,

189 2114 237 2157 in
273 2128 390 2157 zona
416 2108 611 2158 candida
646 2106 853 2156 labentes
890 2107 1089 2156 fluminis
1121 2126 1198 2156 aut
1232 2104 1372 2155 fontis
1399 2111 1634 2175 aqua55in
1660 2106 1865 2155 candidis

188 2183 334 2247 aperti
351 2176 455 2227 libri
474 2174 595 2225 foliis
621 2182 861 2247 ingentem
879 2177 1053 2238 lacum,
1074 2185 1120 2225 in
1141 2195 1294 2245 eoque
1314 2193 1471 2245 portus
1485 2213 1497 2229 ,
1515 2175 1689 2235 littora,
1710 2192 1866 2238 naues,

190 2245 455 2315 piscatores,
477 2256 560 2295 &c.
576 2248 629 2294 In
648 2251 796 2314 capite
815 2264 1030 2294 cauernas
1050 2287 1062 2307 ,
1089 2264 1237 2306 antra,
1269 2242 1464 2314 praecisas
1493 2263 1646 2313 rupes,
1673 2241 1788 2305 saxa,
1812 2266 1867 2294 τε·

191 2314 366 2377 dificia,
386 2321 531 2364 immo
550 2320 689 2363 totius
708 2319 904 2364 ciuitatis
926 2314 1173 2380 Babylonis
1190 2319 1368 2362 ruinam
1386 2324 1429 2363 δε
1445 2312 1595 2362 casum
1608 2354 1621 2374 ,
1634 2317 1707 2362 cui
1729 2319 1868 2362 etiam

189 2383 379 2454 angelos
406 2385 517 2435 tuba
551 2402 767 2434 canentes
791 2382 1139 2454 apponebamus
1164 2388 1255 2444 ,ita
1283 2389 1408 2432 enim
1432 2382 1700 2431 volebamus
1738 2378 1866 2431 faotae

190 2459 456 2523 proiecturae
475 2472 691 2522 campum
706 2454 949 2516 adornare,
967 2473 1014 2502 vt
1034 2474 1085 2502 ex
1112 2452 1284 2502 oculari
1313 2457 1485 2522 punCto
1510 2457 1697 2500 iconem
1724 2448 1862 2499 refer-

191 2541 259 2571 ret
277 2530 324 2572 B.
350 2523 647 2594 Euangelistae
677 2531 858 2574 Sacram
886 2521 1215 2593 Apocalypsin]
1242 2527 1289 2570 in
1310 2522 1527 2573 Pathmos
1556 2517 1863 2582 exscribentis,

190 2602 234 2641 &
252 2591 356 2642 alias
374 2593 545 2643 direste‘
561 2592 847 2641 intuentibus
869 2591 1069 2642 eiusdem
1089 2589 1388 2662 Apocalypsis
1408 2590 1602 2639 visiones
1629 2600 1672 2639 &
1699 2590 1865 2654 myste-

190 2665 253 2708 ria
281 2661 536 2711 minoribus
558 2660 844 2729 quidem,sed
863 2661 1151 2732 elegantibus
1166 2660 1322 2731 figuris
1339 2661 1397 2709 ad
1425 2679 1583 2709 verum
1602 2659 1782 2727 depista
1799 2678 1866 2706 ex-

191 2727 371 2778 hiberet
389 2758 398 2790 3
420 2732 572 2798 quod,
589 2748 636 2777 vt
655 2730 769 2778 mihi
786 2730 1028 2780 videbatur
1041 2774 1051 2793 ,
1070 2729 1315 2780 artificium
1333 2731 1538 2778 nostrum
1559 2732 1704 2797 magis
1735 2746 1864 2776 com-

189 2797 461 2860 mendabat,
483 2798 809 2869 specimenque
832 2810 876 2849 &
895 2800 1157 2868 exemplum
1182 2799 1278 2847 aliis
1301 2797 1596 2859 offerebat,ex
1617 2815 1712 2865 quo
1731 2793 1864 2845 disce-

190 2884 292 2915 rent
324 2865 486 2917 similia
511 2868 779 2917 adinuenire
801 2909 814 2929 ,
842 2879 885 2918 δε
911 2874 957 2916 in
984 2868 1205 2917 eiusmodi
1239 2872 1504 2937 proietsturis
1534 2871 1861 2917 conuenientia

192 2936 544 3003 quodammodo
562 2947 605 2987 δε
620 2936 644 2985 a
662 2934 869 2986 subiecto
890 2942 1104 3005 primario
1124 2955 1221 2985 non
1238 2933 1413 3005 prorsus
1431 2936 1578 2984 aliena
1604 2929 1765 2998 πῧὲεῃα
1781 2956 1860 3004 ap-

190 3022 392 3075 ponere:
416 3004 491 3054 sed
511 3011 760 3056 &memini
775 3026 851 3055 me
879 3006 1113 3056 delineatae
1129 3012 1177 3055 in
1201 3013 1417 3056 Romano
1446 3022 1683 3054 conuentu
1711 3012 1858 3073 proie-

190 3076 345 3134 Cturae,
365 3072 427 3124 sic
444 3075 644 3139 alludere
660 3073 808 3124 verbis
830 3080 982 3145 graecis
1000 3094 1100 3145 quae
1116 3077 1175 3125 ad
1191 3073 1359 3143 ipsum,
1379 3093 1519 3144 quem
1541 3093 1626 3143 prae
1645 3073 1856 3122 manibus

191 3159 337 3203 tenet,
359 3143 654 3212 Euangelistae
685 3141 855 3191 librum
885 3144 1180 3212 apponebam
1202 3187 1213 3206 ,
1239 3154 1282 3193 &
1306 3142 1634 3213 spectatoribus
1660 3141 1859 3210 legenda

190 3211 513 3279 proponebam
525 3216 658 3264 &ov-05<
669 3211 824 3261 ἆωῑὶικὶἶς
838 3214 1084 3273 ὶίνηυίλυψς
1098 3256 1110 3275 ‚
1130 3217 1214 3264 3773}
1226 3211 1513 3273 Σῃμλύψως
1525 3210 1707 3258 πεύῖοόῐῆς.

287 3282 380 3343 δαὶ
395 3300 442 3330 νε
457 3287 690 3350 inceptam
707 3279 903 3330 adhibiti
924 3300 1111 3331 ornatus
1138 3280 1490 3350 descriptionem
1515 3279 1856 3349 prosequamur,

190 3350 358 3400 iterum
381 3353 626 3400 mouemus
661 3369 710 3400 vt
734 3354 920 3400 minutae
944 3350 1099 3421 figurae
1130 3352 1397 3412 hominum,
1420 3350 1707 3408 animalium,
1727 3345 1859 3417 aedifi-⁴

1639 3422 1675 3467 Z
