2498 3898
610 236 677 286 178
944 220 1988 271 THAVMATVRG10PTIC1

616 299 816 356 ciorum,
836 292 1078 351 arborum,
1099 302 1182 340 δίς.
1211 294 1428 359 congruis
1454 289 1688 338 coloribus
1718 289 2056 340 adumbrentur
2086 300 2130 339 &
2162 307 2311 358 quan-

618 380 717 410 tum
734 360 832 411 fieri
850 363 998 430 potest
1017 358 1041 408 a
1062 358 1265 408 subiecto
1287 364 1550 427 proiecturae
1570 358 1726 406 colore
1758 375 1855 407 non
1882 359 2083 408 multum
2109 356 2306 409 diuersis.

615 436 687 480 Sic
711 430 961 501 aliquando
980 434 1026 477 in
1053 434 1196 496 aperti
1227 427 1330 477 libri
1362 432 1562 497 paginis,
1583 447 1634 476 ex
1664 425 1887 495 scripturae
1914 428 2045 478 lineis
2074 426 2148 477 seu
2175 427 2309 477 versi-

619 499 703 550 bus
721 500 864 549 sulcos
886 516 1010 547 terrae
1030 495 1346 566 fingebamus,
1367 507 1410 546 δε
1434 502 1481 544 in
1502 499 1551 544 iis
1581 494 1811 564 pascentes
1832 516 1994 566 greges
2008 539 2020 559 ,
2043 509 2086 548 &
2105 499 2304 566 pastores

617 570 926 619 custodientes
948 595 958 626 ·,
984 566 1043 617 sic
1062 572 1109 615 in
1127 566 1374 632 chlamyde
1390 567 1533 614 nostri
1564 564 1861 630 Euangelistae
1891 584 2116 635 purpurea
2147 570 2307 617 vinde-

617 645 757 688 miam
776 636 901 686 illam
919 634 1294 705 repraesentabam
1322 653 1420 703 quae
1436 633 1737 703 Apocalypsis
1758 634 1941 684 decimo
1960 653 2125 704 quarto
2156 643 2306 705 capite

619 708 786 757 dicitur
799 704 939 775 Vsque
958 705 1014 754 ad
1035 701 1196 753 fraenos
1222 720 1453 774 equorum
1472 702 1715 753 ascendisse
1740 715 1783 753 &
1801 723 1881 773 per
1901 706 2042 754 stadia
2069 704 2195 753 mille
2215 704 2306 755 sex-

615 795 750 825 centa
770 775 1008 824 decurrisse
1027 793 1038 835 2,
1062 772 1137 822 scd
1152 783 1195 822 ὃς
1217 771 1345 842 supra
1364 778 1410 820 in
1434 771 1560 821 nube
1582 771 1874 841 fingebamus
1894 772 2129 823 sedentem
2148 778 2194 822 in
2219 794 2306 823 nu-

617 844 676 894 be
694 849 775 914 qui
795 841 963 894 falcem
990 849 1192 893 mitteret
1218 847 1264 892 in
1290 861 1482 904 terram,
1506 838 1790 912 angelosque
1809 844 2144 892 vindemiandis
2166 848 2308 893 vineae

617 912 759 964 botris
780 914 1023 963 destinaret
1042 942 1052 974 3
1078 918 1193 982 quin
1209 923 1253 963 δε
1274 933 1325 962 ex
1344 910 1480 981 ipsius
1502 916 1590 960 oris
1611 910 1925 973 lineamentis,
1944 930 2178 983 congruos
2196 913 2303 962 leui-

616 1001 684 1032 ter
701 984 967 1033 inducendo
986 982 1193 1043 colores,
1215 1001 1383 1051 cupam
1399 979 1493 1030 siue
1514 981 1666 1030 lacum
1685 978 1707 1028 ἐ
1735 998 1831 1049 quo
1858 979 2052 1032 subacffis
2085 988 2181 1031 vuis
2207 988 2306 1031 vin·

615 1052 767 1102 demia
786 1051 1023 1114 deflueret,
1036 1050 1120 1100 rite
1143 1051 1465 1121 pingebamus·
1549 1108 1552 1113 Ι

681 1120 857 1171 Verum
878 1122 1139 1171 cauendum
1159 1140 1217 1169 ne
1248 1120 1400 1170 multae
1426 1116 1557 1168 simul
1587 1131 1630 1170 δε
1659 1125 1706 1168 in
1731 1120 1898 1169 eodem
1925 1120 2033 1169 loco
2062 1130 2140 1170 aut
2168 1124 2304 1170 nimis

613 1210 789 1262 magnae
810 1189 1033 1241 eiusmodi
1052 1191 1289 1239 adiec‘titiae
1309 1189 1463 1260 figurae
1487 1189 1817 1260 depingantur,
1838 1207 1938 1259 quae
1968 1189 2138 1258 poffint
2165 1208 2302 1238 mun-

613 1262 678 1310 dae
701 1266 882 1330 piCturae
904 1260 1132 1309 maculam
1155 1264 1393 1327 imponere
1410 1287 1420 1319 3
1439 1264 1488 1308 in
1516 1263 1703 1307 remotis
1736 1277 1892 1306 tamen
1920 1257 2124 1328 partibus
2155 1258 2305 1327 plures

613 1341 657 1380 δε
675 1336 869 1378 maiores
893 1348 1110 1397 poterunt
1136 1334 1338 1396 apponi,
1365 1346 1508 1397 quam
1532 1333 1579 1374 in
1605 1331 1790 1387 viciniS,
1813 1327 2040 1396 praecipu&
2072 1347 2180 1377 cum
2207 1326 2305 1396 spa-

613 1405 729 1447 tium
747 1397 1072 1467 ampliffimum
1089 1396 1181 1465 ipsa
1199 1402 1457 1466 proiecitura
1478 1394 1811 1456 obstinebit‚vt
1831 1401 1878 1444 in
1894 1395 2196 1446 ambulachro
2219 1415 2306 1444 no-

613 1469 702 1516 stro
728 1465 958 1518 Parisiensi
984 1484 1175 1516 centum
1201 1477 1244 1516 ὃς
1269 1483 1469 1535 quatuor
1495 1463 1691 1533 pedibus
1733 1464 1881 1513 lonoo
1901 1506 1914 1528 ‚
1941 1464 2020 1514 vbi
2049 1463 2143 1535 ipsa
2174 1466 2304 1514 dic-Ttae

613 1541 825 1606 imaginis
844 1541 1102 1606 proiectura
1121 1539 1465 1605 quinquaginta
1481 1552 1681 1604 quatuor
1701 1507 1954 1602 pediss'usin
1977 1534 2173 1605 longum
2196 1554 2303 1604 pro-

611 1608 836 1668 tenditur,
858 1625 966 1655 cum
986 1611 1129 1674 paries
1146 1611 1193 1654 in
1213 1623 1310 1674 quo
1327 1602 1628 1652 adumbratur
1654 1607 1764 1651 octo
1784 1603 2020 1653 dumtaxat
2042 1604 2183 1673 pedes
2201 1604 2303 1652 alti-

611 1676 780 1725 tudinis
802 1674 995 1737 habeat,
1020 1685 1064 1724 &
1083 1674 1267 1724 oculare
1288 1677 1513 1741 punctum
1531 1671 1590 1721 ab
1608 1670 1702 1740 ipso
1728 1677 1898 1740 pariete
1921 1671 1996 1722 seu
2025 1673 2164 1742 plano
2189 1673 2303 1723 deli-

610 1750 819 1794 neatorio
839 1749 1049 1814 quinque
1071 1742 1266 1813 pedibus
1289 1741 1724 1810 perpendiculariter
1743 1740 1964 1804 dissitum,
1982 1750 2182 1812 quatuor
2200 1760 2300 1791 tan-

608 1830 707 1862 tum
727 1825 771 1864 ὅ(
789 1813 981 1862 dimidio
1003 1811 1134 1881 super
1150 1816 1470 1881 pauimentum
1491 1811 1733 1870 exaltetur3
1746 1807 1821 1859 sed
1841 1810 2098 1880 expositum
2117 1808 2302 1861 schema

607 1881 671 1948 ob
686 1881 877 1934 Tabulae
896 1883 1123 1952 angustias
1146 1880 1316 1950 quibus
1334 1885 1692 1941 coaretamurssx
1710 1879 1801 1927 istis
1820 1879 2201 1949 proportionibus
2219 1880 2300 1930 de·-

608 1949 778 2001 lineare
797 1950 921 2001 haud
939 1956 1190 2020 potuimus.

868 2035 1534 2085 COROLLARIVM
1603 2038 2045 2102 QARTVM.

615 2161 1082 2299 COnuenienter
1109 2164 1247 2208 etiam
1278 2170 1323 2210 δε
1346 2159 1555 2229 apposite*
1573 2130 1597 2223 ,Ι
1616 2164 1799 2231 possunt
1818 2167 1865 2210 in
1886 2162 1978 2211 hoc
1999 2164 2295 2229 proiestionis

756 2250 924 2302 genere
941 2227 1137 2298 vsurpari
1150 2229 1547 2279 Monochromata
1566 2229 1657 2279 fiue
1678 2237 1860 2301 pieturae
1878 2231 1961 2280 illae
1971 2229 2160 2300 singulis
2172 2229 2295 2280 colo-

607 2300 732 2351 ribus
742 2298 1022 2350 adumbratae
1042 2310 1086 2349 δε
1105 2298 1228 2348 claro
1247 2299 1483 2348 dumtaxat
1497 2318 1557 2349 nu
1566 2299 1758 2371 biloque
1788 2301 2028 2361 diffluebas,
2044 2305 2093 2347 in
2121 2297 2296 2368 quibus¹

607 2389 797 2439 propter
813 2368 981 2419 coloris
998 2365 1363 2417 vniformitatem
1383 2363 1633 2419 adieetitias
1647 2369 1814 2440 figuras
1826 2366 2126 2438 quascunque
2138 2379 2182 2418 δε
2192 2387 2293 2416 om-

605 2445 673 2488 nis
699 2443 880 2508 generis
904 2438 1219 2486 additamenta
1244 2455 1529 2506 componere
1549 2435 1683 2487 facile
1702 2440 1789 2501 est,
1811 2444 2074 2508 vitaturque
2103 2456 2201 2486 non
2228 2436 2295 2486 le·-

606 2514 674 2557 uis
697 2507 938 2557 difficultas
956 2506 1155 2555 diuersos
1174 2506 1425 2575 aliquando
1443 2504 1652 2556 subiedtae
1667 2513 1849 2577 pietur-ze
1871 2512 2227 2558 &minutiorum
2240 2505 2295 2554 fi-

609 2594 824 2647 gurarum
844 2575 1046 2636 colores,
1062 2581 1124 2623 ita
1141 2573 1421 2624 conciliandi
1438 2593 1485 2623 vt
1501 2573 1586 2623 fibi
1605 2581 1807 2624 inuicem
1825 2594 1922 2624 non
1940 2593 2165 2636 noceant,
2184 2594 2294 2625 cum

608 2646 793 2695 aliunde
818 2649 1041 2713 imagines
1061 2642 1283 2692 eiusmodi
1307 2664 1360 2692 ex
1388 2643 1511 2692 claro
1541 2644 1767 2715 pulloque
1795 2644 2007 2694 colorum
2034 2662 2204 2714 genere
2223 2641 2292 2692 so-

609 2715 853 2763 lummodo
876 2711 1178 2774 adumbratae,
1203 2719 1360 2778 omni-a
1376 2711 1508 2762 simul
1533 2719 1622 2762 oris
1638 2755 1650 2775 ,
1688 2714 1878 2764 aliarum
1936 2718 2124 2774 artium,
2150 2723 2194 2762 &
2214 2731 2293 2763 ve-

610 2785 929 2834 stimentorum
948 2782 1230 2831 lineamenta
1249 2782 1390 2832 veluti
1410 2777 1537 2831 nulla
1550 2783 1716 2833 coloris
1745 2733 2007 2834 diuerAEate
2031 2779 2294 2850 conspicua,

609 2849 800 2902 confusa
829 2851 1000 2901 directe
1027 2850 1290 2901 videntibus
1326 2850 1576 2901 exhibeant
1595 2894 1607 2913 ,
1635 2872 1788 2924 eoque
1819 2858 1970 2902 minus
1995 2850 2290 2920 probabilem

611 2921 723 2970 datae
733 2920 887 2990 figurae
898 2939 1153 2990 prototypae
1164 2918 1363 2989 speciem
1373 2921 1740 2982 oculis,&a·nimo
1751 2920 2053 2991 suspicionem
2062 2925 2288 2990 ingerant.

676 2987 956 3042 Huiusmodi
973 2989 1256 3038 luculentam
1275 2995 1580 3058 proiecturam
1595 2995 1642 3038 in
1652 2991 1796 3040 altero
1809 2992 1919 3041 dini
1929 2995 2202 3040 Conuentus
2212 3008 2292 3041 no*-

607 3059 682 3108 stri
703 3063 907 3110 Romani
926 3057 1228 3107 ambulachro
1241 3097 1257 3118 ,
1272 3078 1324 3107 ex
1345 3057 1514 3129 insigni
1529 3058 1699 3108 tabella
1716 3079 1965 3129 prototypa
1982 3065 2034 3108 B.
2051 3064 2190 3109 Patris
2211 3077 2286 3106 no-

608 3129 681 3177 stri
698 3124 916 3178 Francisci
937 3128 993 3176 de
1013 3126 1150 3178 Paula
1163 3125 1367 3176 sirniliter
1385 3128 1605 3197 organice
1620 3130 1912 3179 adumbrauit
1933 3136 1988 3180 R.
2007 3134 2052 3179 Ρ.
2065 3127 2296 3177 Emanu'eI'

612 3200 839 3268 Maignan
857 3203 996 3246 Sacrae
1017 3195 1289 3265 Theologiae
1306 3195 1483 3244 ibidem
1498 3194 1724 3247 Professor
1737 3241 1751 3261 ‚
1786 3204 1852 3248 vir
1865 3198 1990 3255 certe?
2015 3202 2170 3246 animo
2189 3207 2287 3245 non

607 3272 757 3315 minus
786 3285 928 3335 quarn
958 3283 1099 3314 manu
1124 3265 1366 3314 industrius
1382 3306 1394 3325 ,
1413 3270 1460 3314 in
1484 3266 1830 3318 Mathematicis
1859 3265 2192 3327 versatiffimus,
2212 3264 2288 3313 sed

607 3335 828 3402 praecipue
847 3341 894 3384 in
914 3338 1218 3383 Gnomonicis
1236 3339 1423 3383 eximius
1437 3376 1450 3396 ‚
1471 3354 1518 3385 vt
1533 3338 1717 3405 egregie
1748 3338 1968 3387 testantur
1992 3332 2187 3405 insignia
2212 3334 2288 3385 illa
