2498 3898
629 254 704 304 184
912 246 1582 294 THAVMATVRGI
1663 246 1991 291 oPT1c1

634 313 712 360 tali
730 316 769 361 R
784 318 875 374 Es,
892 312 1149 382 caterisque
1165 333 1212 362 vt
1232 319 1351 382 prius
1372 312 1642 373 obseruatis,
1666 309 1800 362 facile
1818 306 1901 361 erit
1920 308 2170 381 perfectam
2189 314 2303 362 illius

635 379 1011 450 scenographiam
1029 383 1255 430 delineare
1277 410 1287 441 3
1310 387 1454 431 immo
1474 395 1516 432 ὃς
1542 382 1734 430 aliorum
1761 400 2150 452 quorumcunque
2176 381 2306 431 obie-

635 442 834 511 (storum,
852 470 950 519 quae
968 449 1270 499 diuersimode
1297 450 1456 519 posita,
1484 473 1533 500 ev<
1555 452 1720 500 eodem
1742 469 1898 499 tamen
1921 450 2094 519 puncto
2126 450 2246 500 bene
2264 462 2308 501 &

635 519 863 567 concinne
883 519 1108 568 delineata
1131 521 1391 581 videantur,
1412 521 1564 589 qualia
1591 518 1690 568 sunt
1714 525 1761 567 in
1785 519 1979 569 Tabula
1995 541 2056 583 35,
2082 522 2307 588 diagram-

636 606 756 635 mata
774 585 1019 636 solidorum
1045 595 1089 637 N
1104 594 1178 650 ,O
1193 631 1204 650 ‚
1231 595 1270 638 D
1285 631 1294 647 ‚
1315 595 1368 650 P,
1389 594 1458 651 M,
1483 589 1718 659 E‚quibus
1735 594 1872 638 etiam
1892 585 2207 657 supportandis
2230 609 2307 638 ve-

636 656 717 703 luti
736 654 913 703 trabem
936 661 974 704 G
990 663 1124 718 HIF,
1144 677 1220 706 aut
1235 658 1357 705 aliud
1378 657 1520 707 simile
1539 664 1586 707 in
1603 663 1793 707 circuitu
1810 656 2096 719 subiicimus,
2118 676 2176 706 ne
2200 676 2306 725 prae-

637 724 757 771 dicia
772 723 1049 786 solidayvelut
1066 734 1113 774 in
1138 735 1237 774 a'ere
1261 729 1482 794 pendere,
1515 725 1590 775 sed
1615 726 1749 775 firmo
1776 739 1818 777 δε
1844 725 1993 776 stabili
2024 731 2176 775 innixa
2201 723 2309 775 fun-

636 793 855 841 damento
871 794 1110 844 videantur
1126 824 1137 855 ·‚
1154 814 1312 843 verum
1330 795 1411 844 ista
1428 794 1528 844 sunt
1547 815 1598 843 ex
1616 797 1925 845 architecturae
1946 795 2126 865 legibus
2148 813 2310 844 tenen-

637 862 715 922 da,
735 872 778 911 &
795 861 987 912 cuilibet
1005 869 1052 912 in
1067 868 1121 913 ea
1138 865 1208 912 vel
1233 866 1528 914 mediocriter
1544 863 1717 913 versato
1733 862 1833 913 satis
1860 862 1999 912 obuia
2017 893 2028 924 ·,
2051 865 2171 913 vnde
2191 870 2238 912 in
2259 871 2311 914 iis

637 931 830 1000 amplius
857 951 955 980 non
982 938 1282 982 immoramur
1299 976 1311 994 ,
1345 945 1389 985 &
1414 933 1639 982 nonnulla
1665 939 1784 982 circa
1812 930 2064 1003 propositas
2097 932 2233 981 nobis
2262 932 2310 982 in

637 1001 781 1067 planis
797 999 1018 1050 eiusmodi
1035 1002 1324 1071 laquearibus
1340 1002 1677 1073 designationes
1688 1002 1969 1052 aduertenda
1980 999 2310 1072 subiungimus.

712 1067 1072 1120 Obseruandum
1086 1077 1225 1141 igitur
1244 1072 1393 1142 primo
1419 1079 1467 1121 in
1492 1071 1880 1122 delineationibus
1906 1068 2151 1132 eiusmodi,
2169 1068 2201 1118 fi
2222 1071 2314 1140 plu-

638 1158 706 1187 res
724 1138 820 1206 pilae
836 1158 913 1189 aut
931 1140 1155 1197 columnae
1174 1142 1355 1210 aequalis
1384 1142 1714 1213 magnitudinis
1742 1142 1943 1190 debeant
1967 1139 2197 1200 exhiberi,
2216 1139 2312 1189 illas

637 1227 689 1255 ex
708 1205 1043 1277 scenographiae
1068 1207 1321 1279 praescripto
1339 1211 1509 1260 debere
1524 1215 1719 1260 maiores
1736 1209 2013 1269 adumbrari,
2024 1228 2123 1278 quae
2143 1215 2312 1258 caeteris

640 1275 822 1345 paribus
844 1277 1056 1347 apumsto
1079 1285 1292 1347 primario
1312 1281 1494 1348 longius
1516 1277 1703 1340 absunt,
1723 1281 1852 1348 quod
1880 1277 1978 1327 satis
2007 1277 2313 1346 deprehendi-

638 1364 711 1393 tur
728 1352 774 1393 in
793 1346 976 1395 Tabula
997 1368 1070 1410 34,
1090 1367 1141 1396 ex
1158 1348 1385 1396 iconismis
1406 1354 1441 1397 L
1456 1351 1576 1408 XX,
1596 1358 1640 1397 δε
1659 1353 1856 1409 LXXI,
1873 1346 1953 1395 vbi
1975 1352 2120 1394 maior
2150 1347 2214 1394 est
2235 1349 2315 1396 de-

638 1413 805 1462 lineata
823 1415 969 1484 figura
985 1422 1079 1467 KR
1094 1421 1170 1482 Q,
1186 1415 1244 1464 ab
1263 1417 1435 1465 oculari
1468 1422 1640 1485 puncto
1668 1422 1703 1466 E
1718 1459 1731 1478 ,
1759 1420 1978 1465 remotior
1998 1436 2009 1466 ς
2027 1414 2174 1485 figura
2202 1435 2310 1464 vero

638 1489 777 1531 CED
791 1525 802 1544 ,
820 1481 1056 1553 aliquanto
1077 1490 1356 1535 contracstior
1375 1491 1485 1555 quia
1504 1487 1656 1534 eidem
1675 1491 1848 1555 puncto
1868 1483 2108 1554 principali
2128 1490 2186 1545 E,
2204 1491 2312 1534 vici-

637 1557 740 1601 nior
759 1555 850 1614 est,
872 1572 956 1602 nec
977 1575 1072 1604 non
1093 1561 1139 1604 in
1155 1554 1338 1619 Tabula
1356 1576 1394 1618 35
1412 1575 1463 1603 ex
1484 1556 1823 1624 diagrammatis
1846 1552 2136 1623 longioribus
2159 1560 2228 1616 N,
2249 1560 2314 1615 O,

637 1633 682 1672 &
697 1622 983 1673 breuioribus
1000 1630 1058 1685 E,
1081 1631 1123 1673 D
1145 1653 1155 1684 ·,
1176 1623 1254 1673 vbi
1274 1629 1411 1673 etiam
1431 1625 1617 1674 aduerte
1637 1644 1716 1693 per
1741 1623 1958 1674 radialem
1979 1626 2165 1686 Q,&
2186 1623 2311 1684 alias,

638 1691 1014 1762 diametralesque
1029 1699 1161 1745 RST
1174 1735 1185 1754 ,
1205 1694 1327 1762 posse
1345 1694 1562 1743 delineari
1580 1690 1960 1762 scenoorapliiam
1989 1690 2118 1739 solidi
2139 1694 2242 1760 QJ
2252 1698 2314 1754 X,

637 1771 683 1810 &
706 1763 898 1810 aliorum
925 1763 1243 1830 quorumlibet
1259 1805 1270 1824 ,
1301 1782 1352 1809 ex
1380 1783 1431 1812 ea
1455 1781 1596 1831 quam
1632 1737 1973 1830 praeffcripsirnus
1998 1760 2247 1823 methodo,
2266 1765 2314 1810 in

639 1829 952 1901 propofitione
972 1831 1201 1901 trigesima
1219 1837 1351 1880 tertia
1370 1832 1665 1900 praecedentis
1685 1831 1802 1880 libri.

708 1899 1066 1950 Obseruandum
1086 1900 1289 1966 secundo
1302 1902 1363 1963 ad,
1375 1899 1578 1970 aspectus
1599 1899 1877 1971 elegantiam
1894 1903 2226 1967 &Symmetriae
2242 1920 2313 1950 ve-

638 1971 886 2032 nustatem,
904 1975 1124 2039 puncrum
1141 1970 1390 2040 principale
1417 1970 1737 2019 delineationis
1755 1968 2120 2040 scenographicae
2142 1965 2314 2019 debere

638 2056 685 2088 vt
700 2038 973 2107 plurimum,
994 2040 1211 2090 collocari
1231 2045 1278 2087 in
1294 2040 1449 2088 medio
1477 2040 1660 2088 istarum
1688 2037 2108 2109 superficierum,vt
2133 2035 2314 2106 videtur

637 2113 686 2156 in
702 2108 886 2158 Tabula
915 2129 952 2170 35
980 2115 1203 2179 punctum
1224 2117 1256 2160 B
1272 2152 1283 2171 ‚
1301 2107 1382 2158 nisi
1410 2109 1620 2159 locorum
1648 2127 1725 2158 aut
1748 2108 1937 2157 aliarum
1962 2106 2314 2157 circumstantia-

640 2196 740 2227 rum
758 2178 939 2228 occasio
957 2180 1080 2228 aliud
1098 2179 1294 2249 postulet
1313 2201 1322 2227 :
1345 2185 1454 2248 quia
1474 2183 1599 2227 enim
1617 2178 1948 2227 delineationes
1971 2171 2192 2224 eiusmodi
2214 2196 2311 2225 ma-

638 2248 757 2297 xime
774 2248 1053 2298 adhibentur
1068 2269 1114 2298 vt
1127 2249 1235 2299 aulae
1246 2250 1316 2298 vel
1339 2255 1538 2317 porticus
1556 2246 1819 2297 excelsiores
1837 2262 2084 2332 appareant
2099 2244 2311 2314 introspi-

637 2316 865 2366 cientibus
885 2337 1025 2381 quam
1049 2338 1205 2368 reuera
1226 2318 1740 2379 existant,commodius
1758 2334 1881 2365 certe
1899 2326 1944 2365 &
1959 2317 2106 2382 aPtius
2126 2311 2312 2363 obiecta.

638 2389 810 2434 circum
832 2384 976 2455 pofita
992 2408 1043 2437 ex
1064 2388 1172 2437 aulae
1189 2389 1344 2436 medio
1362 2405 1502 2455 quam
1521 2406 1572 2434 ex
1593 2387 1751 2455 aliquo
1771 2385 1910 2434 latere
1920 2383 1991 2434 vel
2007 2381 2179 2452 angulo
2197 2402 2309 2432 con-

638 2450 901 2522 spicientur,
922 2468 965 2507 δε
985 2459 1042 2507 ad
1063 2455 1347 2526 propositum
1365 2457 1506 2505 finem
1527 2455 1805 2504 conducent.

711 2525 799 2573 Sed
814 2516 1075 2594 priusquam
1092 2527 1275 2575 vlterius
1295 2526 1663 2595 progrediamur,
1685 2523 1762 2573 hic
1781 2522 1987 2592 apposite
2007 2521 2226 2573 studiosus
2245 2522 2310 2571 le-

637 2594 737 2639 &or
752 2596 1012 2643 monendus
1031 2596 1117 2643 effe
1136 2595 1250 2644 milii
1267 2596 1462 2654 videtur,
1493 2612 1561 2654 vt,
1583 2591 1616 2641 si
1633 2590 1752 2640 forte
1773 2584 1945 2641 incidit
1962 2597 2010 2640 in
2034 2611 2175 2660 opera
2191 2587 2311 2640 Iose-

637 2659 723 2726 phi*
738 2662 882 2710 Violae
899 2666 1100 2713 Paduani
1120 2668 1303 2733 piCtoris
1329 2675 1372 2713 &
1389 2662 1647 2723 architecti,
1667 2661 2096 2711 aduertat-errauiffe
2112 2659 2240 2708 illurn
2261 2665 2310 2709 in

636 2735 773 2794 priori
790 2730 907 2779 libro
924 2732 1023 2793 ,vbi
1042 2738 1201 2781 traebat
1221 2733 1277 2780 de
1292 2732 1485 2781 obiectis
1505 2736 1552 2779 in
1571 2731 1726 2800 planas
1748 2730 2032 2799 laquearium
2052 2726 2309 2798 superficies

635 2796 994 2870 scenograpliice
1005 2844 1014 2862 ‚
1038 2800 1361 2871 consignandis
1380 2829 1389 2859 ·,
1411 2806 1472 2849 ait
1490 2805 1614 2848 enim
1628 2841 1640 2861 ,
1659 2820 1697 2848 v.
1718 2819 1758 2869 g.
1772 2799 1985 2867 exemplo
2002 2796 2243 2866 desumpto
2260 2803 2308 2846 in

636 2866 864 2928 schemate
881 2875 970 2921 LX
985 2878 1051 2932 X,
1067 2870 1237 2919 debere
1257 2871 1448 2939 quidem
1475 2870 1531 2917 ad
1553 2866 1776 2937 puncstum
1795 2867 2044 2936 principale
2067 2885 2306 2916 concurre-

634 2956 682 2985 re
700 2936 842 2986 lineas
859 2942 921 3005 ef,
939 2940 1020 2998 ab,
1041 2946 1150 3010 quia
1169 2941 1286 2988 stant
1307 2944 1354 2987 in
1368 2936 1557 2987 aduerso
1575 2938 1713 3006 plano
1730 2964 1740 2996 ·,
1768 2936 1907 2984 lineas
1927 2955 2036 2984 vero
2060 2934 2305 2989 abcd,non

637 3005 806 3054 debere
828 3007 933 3057 duci
956 3026 1305 3069 concurrentes,
1324 3007 1400 3056 sed
1426 3006 1684 3075 parallelas,
1702 3011 1762 3055 ita
1793 3022 1841 3053 vt
1856 3024 1880 3051 a
1895 3003 1937 3062 b,
1960 3023 2058 3053 non
2084 3002 2138 3054 sit
2164 3009 2309 3052 maior

637 3093 777 3142 quam
799 3081 875 3130 cd,
888 3080 1017 3146 quod
1037 3076 1204 3126 scilicet
1222 3075 1415 3123 latitudo
1433 3073 1492 3121 ab
1506 3074 1717 3130 dc‚velut
1736 3074 1758 3122 ἐ
1783 3074 1922 3123 latere
1941 3071 2183 3143 spectanda
2202 3092 2307 3141 pro-

636 3163 834 3211 ponatur
851 3166 861 3190 :
878 3143 951 3194 sed
972 3145 1177 3195 absolute
1195 3162 1357 3192 omnes
1374 3144 1500 3193 lineae
1519 3146 1582 3211 ef,
1604 3141 1683 3197 ab,
1709 3142 1783 3200 cd,
1804 3153 1848 3192 &
1874 3148 2163 3212 qiiaecunque
2177 3182 2190 3202 ,
2212 3141 2306 3189 aliae

635 3212 838 3262 similiter
864 3213 1082 3284 dispofitae
1108 3219 1149 3261 .i.
1176 3219 1320 3262 vitreo
1348 3213 1421 3261 seu
1445 3211 1609 3261 tabulae
1637 3212 1775 3280 plano
1814 3211 2210 3279 perpendiculares
2241 3210 2311 3258 de-

637 3284 749 3331 bent
766 3289 954 3352 exprimi
972 3286 1028 3333 ad
1052 3288 1274 3353 punctum
1300 3285 1563 3349 primarium
1585 3297 1934 3341 concurrentes,
1955 3279 2086 3349 quod
2113 3276 2211 3325 satis
2238 3297 2307 3345 pa-

634 3371 700 3402 ret
716 3352 771 3400 eit
788 3353 921 3402 dictis
941 3364 984 3405 ὃς
1001 3355 1231 3404 annotatis
1252 3356 1298 3399 in
1316 3355 1453 3420 priori
1470 3349 1611 3411 libro,
1632 3360 1675 3399 ὃς
1698 3346 1833 3399 facilc?
1853 3348 2000 3417 poffet
2025 3347 2102 3395 hic
2121 3344 2310 3462 {peciali

2155 3433 2309 3464 ernons
