2498 3898
695 216 947 268 LIBER
1019 216 1360 270 PRIMVS)
1793 233 1873 282 ⁴115

199 286 332 344 bula,
353 287 466 336 adeo
495 302 543 336 vt
571 287 628 335 ab
653 290 714 342 A,
736 288 793 334 acl
825 290 884 345 C,
907 286 994 333 sint
1023 299 1197 333 tantum
1225 281 1295 333 sex
1325 280 1480 351 pedesj
1501 298 1552 332 vt
1585 296 1635 331 ex
1666 283 1871 337 mensura

199 355 506 426 dignoscitur:
528 375 577 404 ex
612 358 663 402 iis
690 371 837 404 tamen
869 372 967 424 quae
1008 352 1198 420 superius
1232 353 1415 402 anobis
1443 352 1743 401 demonstrata
1773 358 1873 405 sunt

172 418 424 492 =possumus
446 442 523 492 per
542 420 765 473 mensuras
804 422 954 481 ficitas,
975 419 1046 470 seu
1071 441 1149 489 per
1176 424 1431 470 distantiam
1458 419 1732 488 suppositam
1752 425 1872 474 idem

194 498 375 559 penitus
397 498 591 561 operari,
613 494 737 556 quod
755 511 830 560 per
846 488 1065 540 mensuras
1090 490 1221 538 reales
1251 501 1294 540 Sc
1321 490 1576 538 distantiam
1605 507 1752 538 veram
1772 512 1782 544 ;
1807 494 1870 539 di-

193 563 396 611 uidendo
414 561 573 610 scilicet
593 563 756 609 lineam
781 565 818 609 A
836 560 958 615 B,seu
977 566 1109 608 etiarn
1131 565 1358 606 minorem
1377 559 1436 606 ad
1454 560 1688 607 arbitrium
1701 563 1743 607 in
1761 579 1841 628 par
1856 589 1870 598 -

195 645 257 678 tes
278 632 428 680 decem
451 640 494 679 &
515 633 651 685 oCto,
677 647 772 699 quae
796 646 878 695 pro
899 629 1053 676 decem
1081 638 1125 677 &
1155 632 1263 676 octo
1292 627 1479 695 pedibus
1510 624 1792 695 supponant,
1817 645 1869 677 vt

194 717 296 748 vere
314 696 540 748 diuisimus
556 698 717 746 lineam
741 703 776 748 A
792 705 831 748 C
854 715 863 747 e
882 695 1081 746 sumatur
1112 697 1274 745 deinde
1299 715 1388 746 vna
1418 717 1467 746 ex
1494 697 1580 743 istis
1601 698 1801 765 partibus
1823 715 1868 747 ν,

193 787 238 838 g.
265 773 301 818 A
315 774 382 827 D,
403 764 783 836 transferaturque
807 765 929 835 super
953 764 1242 815 vitrei-basim
1268 770 1318 813 in
1346 773 1387 818 R
1402 770 1426 812 S
1441 804 1454 822 ,
1473 776 1515 815 δε
1535 767 1557 811 a
1580 770 1760 832 punCtis
1778 775 1816 820 R
1835 772 1860 815 S

191 841 317 885 κάκ
338 837 558 885 ducantur
578 843 665 888 RA
682 875 693 896 ‚
712 837 843 895 SA,‹÷
864 835 1026 905 quibus
1042 836 1119 883 fiet
1138 831 1246 883 scala
1265 833 1538 904 fugientium
1563 833 1865 885 mensurarum

191 904 264 953 seu
297 905 464 973 pedum
500 908 557 956 ad
587 905 911 954 inueniendum
947 901 1077 952 situm
1112 902 1512 973 scenographicum
1551 902 1835 953 obieffitorum
1850 944 1863 961 ,

188 992 327 1042 prout
344 978 485 1045 magis
503 975 571 1023 vel
592 979 738 1023 minus
756 973 923 1020 distant
939 976 961 1020 a
983 972 1228 1021 vitrei-basi
1248 989 1321 1020 aut
1341 970 1452 1022 vltra
1474 970 1674 1019 tabulam
1702 975 1863 1022 consti-

189 1059 409 1098 tuuntur3
436 1043 644 1092 ducendo
674 1045 794 1091 enim
826 1042 993 1090 lineam
1022 1047 1140 1099 RC,
1160 1041 1286 1089 dabit
1315 1037 1389 1090 sua
1416 1036 1734 1089 intersectione
1763 1062 1863 1091 curn

187 1112 306 1160 linea
331 1121 353 1162 S
368 1117 403 1162 A
417 1149 430 1171 ‚
451 1116 673 1178 pund‘cum
694 1116 731 1159 V
746 1148 759 1170 ,
779 1111 903 1179 quod
928 1129 1022 1160 vno
1043 1111 1159 1177 pede
1180 1111 1309 1158 distet
1328 1110 1352 1158 a
1371 1106 1649 1166 vitrei-basi,
1666 1129 1764 1159 non
1785 1116 1867 1160 mi»

186 1197 268 1227 nus
288 1198 423 1251 quam
448 1178 482 1229 si
501 1179 620 1229 fasta
643 1178 745 1228 esset
762 1184 967 1247 operatio
990 1197 1068 1246 per
1095 1176 1315 1227 men-suras
1344 1180 1470 1228 reales
1500 1189 1543 1228 a&
1571 1195 1694 1227 veras
1715 1178 1865 1229 secun—

188 1250 296 1297 dum
317 1266 460 1298 totam
480 1250 634 1298 decem
654 1258 698 1298 ὃς
721 1253 830 1297 orfito
850 1249 1017 1315 pedum
1043 1247 1350 1296 extensionem
1370 1286 1382 1307 ,
1411 1247 1539 1318 quod
1566 1245 1591 1295 a
1617 1248 1755 1296 'nobis
1775 1254 1866 1299 iam

186 1318 538 1367 demonstratum
560 1319 619 1366 est
637 1339 647 1366 ε
663 1318 798 1367 dueta
817 1320 953 1388 igitur
975 1322 1023 1365 in
1049 1315 1342 1366 transuersum
1363 1316 1524 1366 tabulae
1542 1335 1620 1384 per
1639 1321 1862 1385 punfilum

186 1391 258 1444 V,
279 1388 483 1454 parallela
502 1389 627 1436 lineae
646 1392 673 1436 F
690 1389 739 1446 B,
760 1385 1095 1455 repraesentabit
1117 1385 1280 1434 lineam
1308 1406 1403 1435 vno
1432 1387 1543 1453 pede
1571 1384 1598 1433 ἐι
1622 1389 1866 1438 vitrei-basi

186 1473 436 1509 remotam5
456 1455 530 1505 sed
549 1456 700 1504 eadem
721 1455 926 1524 parallela
951 1451 1116 1503 secabit
1140 1460 1248 1513 RA,
1269 1458 1315 1502 in
1338 1460 1407 1513 Χ,
1428 1457 1453 1504 a
1475 1473 1568 1525 quo
1590 1456 1727 1504 dueta
1749 1461 1865 1517 Xe,

186 1524 313 1574 dabit
335 1529 382 1573 in
404 1529 502 1585 SA,
522 1529 743 1594 puriorum
766 1530 811 1574 O
826 1560 840 1580 ,
859 1542 937 1591 per
967 1523 1096 1592 quod
1119 1525 1321 1572 ducenda
1352 1524 1560 1592 parallela
1587 1522 1868 1592 repraesenta-

192 1595 258 1642 bit
281 1595 446 1642 lineam
466 1594 640 1642 duobus
669 1594 786 1642 vltra
809 1590 1058 1640 sestionem
1084 1592 1271 1659 pedibus
1299 1595 1620 1652 constitutam,
1654 1602 1698 1641 ὃς
1723 1594 1782 1644 fic
1810 1596 1868 1645 de

183 1663 277 1710 aliis
308 1666 357 1709 in·
381 1663 615 1711 infinitum
643 1682 655 1714 ;
684 1666 745 1709 ita
772 1678 823 1709 vt
849 1678 1015 1730 magna
1038 1658 1256 1709 facilitate
1286 1660 1421 1728 possit
1450 1666 1498 1709 in
1530 1665 1606 1710 SA
1630 1700 1643 1721 ,
1671 1665 1866 1712 inueniri

183 1735 446 1801 quicunque
462 1729 567 1779 situs
582 1730 955 1801 scenographicus
971 1731 1258 1778 obiectorum
1277 1728 1749 1798 repraesentandorum.
1774 1740 1866 1782 Ve-

182 1817 281 1848 rum
310 1802 457 1868 potest
483 1799 627 1868 ipsum
656 1800 817 1848 tabulae
846 1799 1030 1867 planum
1055 1799 1138 1847 hac
1166 1800 1384 1848 linearum
1404 1797 1672 1850 confufione
1692 1800 1867 1850 liberari

184 1880 229 1920 &
249 1869 548 1919 nihilominus
563 1867 706 1919 facilis
727 1878 770 1918 &
795 1867 1037 1916 commoda
1056 1871 1260 1936 operatio
1282 1869 1472 1928 institui,
1493 1869 1708 1918 transsata
1739 1871 1869 1919 vide-

181 1939 287 1987 licet
302 1940 360 1987 ad
378 1958 478 1988 oras
499 1938 658 1988 tabulae
675 1936 765 1986 fiue
789 1937 847 1985 ad
880 1953 1126 2005 Vtrumque
1150 1938 1262 1985 latus
1290 1941 1337 1986 in
1367 1938 1502 1986 lineas
1536 1942 1615 1985 FT
1632 1976 1645 1996 ,
1667 1941 1697 1985 B
1714 1945 1752 1988 C
1782 1956 1867 2007 pe—

183 2008 293 2056 dum
313 2005 383 2056 seu
400 2007 705 2057 mensurarum
734 2005 1012 2075 fugientium
1040 2007 1169 2065 scala,
1200 2006 1420 2055 beneficio
1451 2006 1754 2075 parallelarum
1780 2010 1870 2057 dli-2

183 2081 356 2126 <starum
373 2096 449 2146 per
465 2082 545 2129 SV
560 2115 572 2136 ‚
591 2095 666 2148 op,
691 2086 777 2126 &c.
798 2091 896 2144 quae
929 2072 1103 2124 easdem
1129 2076 1460 2124 diminutiones
1495 2079 1866 2145 proportionales

182 2144 485 2215 defignabunt
512 2149 560 2195 in
585 2148 715 2195 dietis
745 2143 957 2194 lateribus
986 2149 1098 2204 FT,
1122 2147 1229 2204 BC,
1248 2145 1302 2192 ad
1335 2148 1503 2212 punera
1533 2167 1574 2201 1,
1594 2166 1642 2204 2,
1660 2165 1675 2206 3
1692 2183 1703 2201 ‚
1731 2168 1786 2207 4,
1818 2169 1853 2209 5,

181 2231 233 2262 10
247 2253 261 2271 ,
283 2234 321 2275 ¹5
335 2254 347 2274 ,
364 2234 449 2274 ιο,
468 2231 519 2263 vt
537 2216 737 2272 videtur,
751 2213 878 2284 quod
896 2211 1055 2264 sufficit
1075 2215 1131 2262 ad
1152 2214 1478 2261 inueniendum
1498 2211 1632 2263 situm
1656 2215 1864 2264 obiecto-

181 2299 281 2330 tum
303 2281 710 2354 scenographicum
733 2280 974 2331 secundum
1002 2283 1128 2352 quod
1157 2283 1257 2350 plus
1287 2282 1359 2331 vel
1391 2285 1538 2332 minus
1564 2284 1726 2332 distant
1749 2282 1774 2331 ὲ
1804 2289 1866 2334 vi-

183 2349 377 2400 trei-basi
394 2370 472 2402 aut
489 2354 607 2401 vltra
625 2349 875 2401 sestionem
893 2352 1243 2401 constituuntur.

255 2421 396 2486 Quod
417 2438 468 2470 vt
490 2421 568 2469 fiat
586 2426 633 2469 in
654 2421 858 2489 exemplo
880 2422 1142 2491 proposito,
1162 2422 1486 2480 consideranda
1504 2423 1560 2470 est
1593 2425 1639 2469 in
1663 2428 1702 2472 G
1710 2423 1864 2471 eome-

181 2491 295 2538 trico
324 2491 662 2560 diagrammatis
689 2494 924 2540 XXXV.
964 2493 1067 2541 cubi
1099 2492 1398 2561 icnographia
1432 2494 1642 2549 GHIK,
1672 2501 1716 2540 &
1746 2494 1860 2538 inci-

179 2559 350 2623 piendo
375 2558 400 2607 a
426 2563 574 2627 primo
605 2560 776 2631 angulo
803 2564 869 2619 G,
889 2558 1158 2630 agnoscetur
1188 2579 1239 2608 ex
1270 2561 1362 2610 lina
1389 2562 1500 2625 IQ,
1530 2552 1787 2609 mensurata
1812 2563 1859 2608 in

177 2625 291 2675 scala
310 2631 427 2686 YZ,
456 2628 603 2696 ipsum
628 2628 849 2700 angulum
878 2630 1032 2679 distare
1057 2629 1081 2679 a
1108 2628 1362 2678 vitrei-basi
1392 2630 1568 2679 duobus
1595 2628 1781 2696 pedibus
1815 2637 1859 2677 &

178 2700 323 2745 vnciis
350 2719 400 2754 9,
419 2694 510 2744 siue
529 2697 670 2746 tribus
697 2702 867 2767 quartis
892 2699 1017 2767 pedis
1044 2704 1205 2754 vnius,·
1226 2698 1430 2747 ducenda
1458 2702 1595 2768 igitur
1621 2702 1698 2745 erit
1718 2697 1860 2747 bene—

180 2763 287 2812 ficio
312 2764 429 2813 scalae
450 2771 492 2816 R
506 2770 542 2816 A
563 2771 608 2825 S,
630 2783 679 2816 vt
694 2767 905 2826 diximus,
926 2769 1129 2836 parallela
1145 2788 1170 2817 a
1191 2772 1233 2818 G
1249 2767 1298 2828 b,
1317 2785 1416 2837 quae
1434 2768 1561 2816 distet
1582 2766 1604 2812 ὲ
1626 2767 1858 2814 vitrei-ba-

177 2830 213 2881 si
231 2833 407 2883 duobus
424 2835 607 2901 pedibus
627 2846 670 2886 ὃς
692 2839 831 2885 vnciis
849 2854 1017 2886 nouem
1031 2877 1046 2894 ‚
1059 2848 1103 2888 <Sc
1123 2842 1171 2886 in
1194 2838 1278 2886 hac
1296 2837 1500 2905 parallel&
1517 2840 1597 2883 erit
1618 2832 1858 2905 scenogra-

177 2902 287 2970 phia
311 2903 492 2973 quaefita
514 2906 673 2975 anguli
694 2911 734 2955 G
753 2926 765 2960 ·‚
786 2904 860 2952 sed
889 2906 1283 2955 determinandum
1310 2901 1498 2973 superest
1527 2907 1575 2951 in
1608 2922 1699 2974 quo
1732 2905 1855 2953 lineae

175 2976 354 3038 punito
374 2994 383 3025 ς
403 2977 462 3024 ad
490 2974 618 3044 quod
643 2974 862 3023 sumenda
891 2975 950 3023 est
977 2978 1024 3023 in
1057 2978 1348 3024 Geometrico
1373 2974 1590 3044 diagram.
1627 2977 1851 3024 XXXV,

177 3041 557 3109 perpendicularis
577 3049 617 3094 G
635 3047 691 3101 L,
716 3052 759 3093 ὃς
780 3040 1076 3092 mensuranda
1094 3048 1142 3093 in
1169 3041 1280 3093 scala
1302 3048 1344 3093 Y
1363 3045 1400 3091 Z
1418 3082 1429 3102 ,
1450 3053 1493 3092 δε
1524 3043 1628 3090 dum
1664 3048 1852 3090 inuenta

177 3107 313 3159 fuerit
332 3109 416 3159 esse
434 3113 606 3177 dimidij
631 3112 778 3180 pedis,
797 3109 992 3161 sumatur
1012 3128 1201 3184 quoque
1215 3118 1260 3161 in
1279 3112 1432 3162 tabula
1459 3108 1532 3159 seu
1561 3110 1758 3159 sectione
1778 3110 1851 3157 di—

176 3180 368 3228 midium
398 3181 521 3248 pedis
541 3185 672 3232 vnius
700 3178 1051 3249 scenographice
1070 3222 1082 3242 ,
1111 3183 1272 3231 scilicet
1298 3185 1346 3230 in
1371 3179 1579 3250 parallela
1610 3199 1636 3226 a
1670 3184 1709 3227 G
1738 3178 1783 3235 h,
1801 3188 1844 3228 δε

177 3247 396 3296 statuatur
417 3250 476 3296 ad
503 3246 718 3298 sinistram
750 3249 875 3296 linea:
895 3251 1023 3319 QA,
1046 3255 1127 3300 erit
1154 3268 1304 3299 autem
1331 3251 1447 3298 linea
1467 3253 1579 3306 LG,
1603 3247 1846 3296 secundum

178 3315 401 3367 mensuras
424 3318 667 3369 diminutas
693 3317 811 3368 scalae
835 3322 974 3371 FTY
995 3356 1008 3378 ,
1026 3324 1171 3390 'quam
1200 3321 1391 3369 diximus
1418 3316 1499 3366 effe
1527 3315 1845 3377 construtstam,

289 3386 298 3389 ⁵
607 3386 612 3389 ’
704 3388 709 3390 ’
880 3386 887 3389 ”
1539 3388 1571 3433 Ρ
1648 3388 1676 3449 ij
