2498 3898
689 221 940 272 LIBER
1014 221 1363 272 PRIMVS.
1828 242 1886 284 79

212 282 381 348 nalem,
399 307 496 360 quae
514 306 593 356 per
611 296 812 357 corporis
833 293 931 338 aeta
947 288 1218 338 soliditatem
1238 290 1293 338 ab
1307 288 1476 360 angulo
1489 307 1584 339 vno
1607 287 1754 340 solido
1768 311 1886 342 tran-

210 358 267 407 sit
293 360 349 407 ad
372 361 658 427 oppositum,
686 360 826 429 qualis
850 361 927 416 est,
949 363 996 406 in
1018 359 1139 406 cubis
1169 361 1493 429 diagrammate
1525 364 1565 407 X
1580 364 1620 409 V
1639 363 1654 405 I
1673 364 1702 407 1.
1724 363 1886 412 adum-

214 427 350 476 bratis
368 445 384 485 ,¹
404 429 518 475 linea
538 445 726 497 Vtraque
747 432 993 496 pundstuata
1012 447 1078 481 ou,
1096 447 1157 474 ou.

282 502 378 544 Iam
394 494 428 544 si
449 496 539 545 hoc
555 493 749 546 solidum
766 501 828 545 ita
859 497 1158 544 constituatur
1177 498 1222 542 in
1249 496 1410 561 plano,
1427 513 1476 544 νε
1496 495 1629 563 ipsius
1651 495 1883 568 diagonali

211 566 354 614 eidem
379 567 520 634 plano
537 566 905 634 orthogonaliter
925 562 1173 624 insistente,
1195 562 1307 612 illud
1334 570 1383 612 in
1410 564 1509 613 solo
1536 564 1673 613 cubus
1701 572 1884 615 contin-

210 651 290 702 gat
307 639 507 702 pun-5120,
523 653 661 704 atque
679 633 736 680 ab
754 634 864 681 illius
891 636 1099 682 extremis
1121 632 1319 702 apicibus
1341 633 1428 682 siue
1446 634 1621 704 angulis
1643 632 1883 693 solidis,ad

210 704 453 752 subiectum
473 705 656 771 planum
673 701 1056 771 perpendiculares
1079 702 1374 751 demittantur
1397 724 1407 756 3
1429 703 1680 753 describent
1697 699 1775 753 '11ae
1803 722 1882 771 per

209 773 444 841 designata
470 776 643 840 punita
675 791 716 820 v.
748 791 791 842 g.
823 776 870 820 H
897 776 913 819 1
938 774 979 820 l<
1003 776 1036 820 L
1057 775 1112 820 M
1132 776 1200 828 N,
1224 772 1515 841 hexagonum
1545 773 1767 839 regulare,
1795 773 1881 822 siue

208 839 432 910 triangula
458 842 548 889 duo
574 841 833 911 aequilatera
865 851 909 890 &
937 840 1222 909 aequiangula
1248 836 1377 887 simul
1402 843 1631 891 commissa
1649 878 1661 899 ,
1681 859 1880 910 quorum

204 911 343 958 latera
364 910 695 961 diametralibus
714 910 1043 980 quadratorum
1062 911 1162 956 cubi
1184 925 1309 954 erunt
1332 910 1541 979 aequalia,
1562 927 1610 960 νε
1638 906 1764 958 facile
1793 930 1879 978 po-

205 981 286 1028 test
306 980 490 1049 agnosci
510 985 556 1028 in
577 980 815 1048 proposito
835 978 1182 1045 diagrammate,
1202 977 1281 1025 vbi
1302 982 1350 1024 in
1369 1001 1411 1034 ο,
1431 979 1639 1046 praedicsta
1659 979 1758 1027 cubi
1780 983 1879 1029 dia*

206 1052 384 1118 gonalis
411 1048 832 1117 perpendiculariter
861 1047 1020 1095 insistit
1039 1065 1049 1099 3
1068 1044 1224 1095 verum
1249 1051 1353 1115 quia
1380 1064 1476 1095 tum
1506 1052 1553 1095 in
1580 1050 1671 1096 hoc
1690 1067 1879 1117 corpore

203 1118 262 1166 iic
285 1117 464 1185 posito,
488 1135 582 1165 tum
599 1121 646 1165 in
666 1114 707 1165 se
746 1115 979 1173 uentibus,
997 1133 1094 1184 quae
1116 1116 1377 1164 delineaturi
1392 1114 1543 1164 sumus·
1555 1119 1612 1166 ad
1632 1117 1752 1166 hunc
1771 1139 1878 1168 mo-

201 1188 312 1235 dum
329 1198 372 1236 ὃς
384 1189 441 1235 ad
452 1187 584 1235 situm
597 1187 701 1235 huic
712 1135 908 1244 similem,
920 1191 981 1233 n'o
993 1184 1100 1232 leuis
1114 1186 1170 1232 est
1182 1185 1415 1234 difficultas
1435 1183 1527 1233 sola
1545 1190 1878 1253 imaginatione

199 1259 441 1325 attingere,
453 1255 597 1304 multo
612 1259 756 1304 minus
776 1257 940 1304 horum
958 1255 1302 1323 icnographiam
1324 1256 1468 1324 qualis
1491 1255 1572 1303 esse
1594 1255 1878 1326 debet,qua-

201 1325 261 1372 les
284 1330 418 1373 etiam
441 1336 483 1375 ὃς
508 1341 688 1395 quantae
710 1322 958 1376 solidorum
977 1323 1248 1392 angulorum
1272 1322 1397 1391 super
1413 1325 1596 1392 planum
1620 1325 1876 1374 altitudines

200 1394 322 1442 certo
342 1395 638 1444 determinare
657 1415 669 1450 3
691 1395 814 1442 vnde
850 1403 892 1443 δε
916 1397 945 1440 11
965 1396 1041 1460 qui
1073 1397 1372 1441 Geomerricis
1397 1395 1542 1441 adhuc
1572 1398 1619 1441 in
1647 1392 1873 1443 elementis

199 1458 424 1510 versantur
442 1461 573 1512 facile
591 1463 770 1530 poss'ent
792 1463 1018 1520 dubitare,
1036 1465 1083 1508 in
1105 1477 1194 1529 qua
1213 1461 1268 1508 acl
1290 1463 1444 1510 datum
1466 1462 1597 1511 solidi
1620 1464 1733 1509 latus
1760 1481 1875 1530 pro-

197 1535 415 1598 portione
432 1534 737 1601 icnographiae
754 1530 949 1598 ipsorum
967 1548 1049 1577 nec
1067 1548 1166 1577 non
1180 1540 1223 1579 &
1238 1532 1538 1599 ortographiae
1552 1532 1676 1579 lineae
1691 1538 1874 1584 veniant

199 1595 497 1648 describendae
517 1623 528 1649 ε
547 1602 668 1659 Quia
685 1605 820 1649 etiam
835 1617 933 1647 raro
956 1601 1187 1666 contingit
1205 1597 1436 1666 praesentia
1459 1599 1692 1656 haberi,&
1721 1606 1765 1648 in
1787 1602 1875 1651 effe

196 1667 302 1715 reali
334 1667 553 1717 eiusmodi
577 1667 719 1717 solida
740 1707 752 1728 ,
778 1667 942 1716 idcirco
971 1664 1172 1734 ipsorum
1204 1668 1531 1736 icnographiae‚
1551 1670 1873 1739 ortographiae,

196 1752 279 1784 nec
298 1754 395 1785 non
425 1737 760 1808 scenographiae
787 1737 1083 1786 describendae
1113 1737 1304 1784 modum
1335 1741 1673 1786 Geomerricum
1701 1738 1871 1800 damus,

196 1820 247 1853 νε
266 1805 373 1854 dato
393 1805 696 1876 cuiuscunque
721 1807 848 1855 solidi
870 1805 1078 1875 regularis
1096 1805 1256 1860 latere,
1275 1823 1428 1853 caetera
1449 1802 1770 1855 describantur.

265 1878 330 1922 Sit
348 1879 485 1944 igitur
505 1877 561 1924 ad
585 1875 874 1944 problematis
894 1874 1119 1943 propositi
1137 1871 1413 1922 solutionem
1434 1874 1547 1923 latus
1567 1874 1670 1924 cubi
1690 1877 1784 1925 dati
1798 1882 1869 1935 ,in

196 1943 527 2014 diagrammate
554 1952 595 1995 X
620 1952 662 1996 V
686 1949 720 1994 1.
750 1946 868 1994 linea
896 1946 975 1993 AB
1001 1944 1136 1996 3huic
1160 1943 1217 1990 ad
1246 1961 1461 1991 normam
1488 1948 1706 2013 iungatur
1727 1945 1870 1995 eidem

195 2010 376 2082 aequalis
396 2017 433 2062 A
449 2018 488 2062 C
512 2035 522 2068 ς
548 2018 652 2084 quia
670 2032 776 2063 vero
799 2020 835 2062 A
849 2016 879 2060 B
904 2023 946 2061 &
967 2019 1000 2062 A
1017 2019 1080 2069 C,
1099 2011 1287 2080 aequales
1311 2010 1413 2059 sunt
1439 2012 1649 2062 lateribus
1673 2015 1869 2083 quadra-

195 2097 369 2141 torum,
391 2099 490 2153 quae
507 2084 670 2132 cubum
695 2083 991 2138 constituunt,
1008 2081 1183 2149 sibique
1201 2084 1393 2128 inuicem
1419 2081 1474 2128 ad
1492 2086 1638 2130 teritos
1655 2087 1870 2130 commit-

195 2165 356 2199 tuntur
372 2156 418 2199 in
442 2157 481 2202 A
500 2190 514 2210 ,
538 2157 618 2201 erit
636 2150 833 2219 ipsorum
856 2152 1180 2220 quadratorum
1211 2151 1447 2198 dimetiens
1481 2152 1615 2199 dudia
1631 2152 1747 2199 linea
1766 2158 1803 2200 C
1822 2156 1869 2211 B,

196 2237 295 2287 quae
313 2220 346 2266 {i
365 2221 577 2268 statuatur
599 2231 642 2268 δε
666 2219 758 2287 ipsa
780 2221 837 2267 ad
857 2223 1002 2267 reetos
1022 2222 1069 2265 in
1092 2227 1128 2266 A
1142 2223 1361 2288 D,atque
1379 2221 1401 2267 a
1421 2224 1595 2287 pune'to
1614 2227 1656 2270 D
1681 2221 1869 2272 ducatur

195 2287 312 2335 linea
334 2293 376 2336 D
395 2292 421 2334 Β
446 2309 458 2340 ;
480 2292 584 2357 quia
605 2293 762 2336 omnia
783 2290 884 2336 cubi
902 2287 1035 2355 plana
1054 2285 1138 2333 iibi
1163 2290 1354 2335 inuicem
1375 2291 1431 2335 ad
1453 2293 1598 2338 rectos
1629 2289 1756 2342 sunt5
1777 2289 1869 2340 haec

196 2360 278 2404 erit
299 2356 400 2404 cubi
418 2354 642 2424 propositi
669 2356 948 2426 diagonalis,
966 2372 1016 2404 νε
1039 2356 1340 2404 consideranti
1370 2360 1568 2423 patebit,
1587 2369 1631 2406 &
1664 2359 1767 2406 ideo
1795 2363 1869 2407 in-

193 2440 319 2494 tegra
337 2428 427 2473 eius
448 2425 643 2473 altitudo
663 2426 791 2493 super
810 2426 994 2494 planum
1009 2463 1021 2484 ,
1045 2443 1143 2493 quae
1165 2426 1304 2473 diuisa
1321 2429 1366 2472 in
1388 2443 1532 2492 partes
1553 2428 1739 2495 aequales
1759 2444 1861 2486 tres,

192 2492 381 2541 diuersas
404 2510 592 2564 quoque
609 2499 816 2543 omnium
838 2493 1082 2542 solidorum
1104 2495 1401 2564 angulorum,
1421 2495 1704 2554 altitudineS,
1723 2513 1871 2565 atqua-

191 2562 290 2610 liter
308 2563 364 2610 ab
381 2567 575 2611 inuicem
596 2566 645 2612 in
663 2565 753 2613 hoc
774 2559 860 2611 situ
879 2560 1132 2611 differentes
1150 2562 1384 2612 exhibebit
1405 2583 1415 2611 ε
1437 2564 1651 2612 statuatur
1678 2583 1787 2634 ergo
1807 2568 1864 2615 ad

190 2629 487 2680 vitrei-basim
513 2634 818 2702 ortographiae
840 2633 958 2681 l'inea
990 2633 1181 2694 PQRs
1202 2670 1215 2691 ,
1247 2636 1292 2680 in
1321 2633 1643 2702 diagrammate
1679 2638 1722 2681 X
1739 2641 1808 2685 Vi
1828 2640 1861 2684 1.

191 2697 370 2768 aequalis
393 2701 514 2749 lineae
536 2720 646 2762 1234
670 2701 819 2771 figurae
841 2707 936 2752 XV
954 2707 985 2750 1.
1012 2718 1150 2770 quam
1168 2702 1223 2750 ad
1245 2701 1371 2749 vsum
1401 2701 1743 2770 applicabimus,
1765 2722 1863 2753 cum

191 2787 243 2816 ex
263 2769 312 2815 ea
329 2770 674 2840 icnographiam
698 2771 1072 2818 construxerimus
1089 2771 1178 2818 hoc
1194 2771 1352 2819 modo,
1365 2776 1572 2820 Sumatur
1585 2777 1630 2819 in
1644 2771 1866 2840 diagram—

190 2853 312 2885 mate
331 2841 376 2885 X
392 2844 435 2888 V
452 2847 484 2887 i.
507 2839 781 2908 magnitudo
799 2837 923 2887 lineae
943 2842 974 2886 B
989 2845 1028 2889 C
1043 2878 1055 2898 ‚
1073 2843 1307 2887 communi
1336 2843 1504 2888 circino
1518 2878 1530 2899 ,
1551 2837 1865 2889 transferatur-

189 2923 279 2975 que
298 2907 355 2954 ad
373 2909 678 2978 icnographiae
704 2909 888 2977 planum
906 2903 987 2956 sub
1010 2907 1258 2957 vitrei-basi
1276 2912 1324 2956 in
1354 2913 1481 2969 MK,
1515 2910 1570 2957 ad
1605 2928 1761 2979 quam,
1784 2928 1861 2977 per

191 2995 231 3035 7.
261 2975 460 3041 praeludij
498 2978 637 3026 nostri
670 2980 972 3033 Geomerrici,
1001 2977 1295 3026 constituatur
1326 2979 1600 3048 triangulum
1627 2980 1862 3047 aequilate⁴

188 3061 288 3093 rum
307 3048 354 3092 H
371 3048 413 3093 K
427 3051 504 3104 M,
529 3046 656 3116 quod
674 3056 718 3095 δε
741 3047 868 3094 alteri
884 3043 1015 3094 simili
1035 3048 1266 3116 triangulo
1286 3049 1344 3096 fic
1363 3064 1558 3114 aptetur,
1575 3064 1625 3095 νε
1643 3048 1858 3114 apicibus,

188 3117 320 3161 vnius
344 3130 421 3180 per
454 3114 629 3163 alterius
659 3115 794 3163 latera
822 3115 1052 3182 produffls
1078 3116 1307 3184 :equaliter
1330 3121 1444 3164 inter
1464 3113 1503 3164 se
1523 3117 1681 3165 distent
1702 3133 1859 3164 omnes

186 3183 388 3250 praediC'ti
413 3186 554 3250 apices
581 3189 627 3232 H
646 3187 765 3231 iKL
782 3186 892 3233 MN
908 3223 920 3243 ‚
937 3201 988 3232 νε
1014 3189 1060 3233 in
1084 3183 1226 3254 figura
1256 3185 1403 3252 potest
1423 3185 1602 3253 inspici,
1624 3202 1722 3252 quae
1742 3189 1860 3252 peti-

187 3265 281 3300 tam
301 3249 482 3298 exhibet
502 3252 848 3324 icnographiam
877 3253 980 3303 cubi
1001 3253 1057 3302 ad
1085 3272 1186 3302 eum
1215 3272 1352 3324 quem
1374 3256 1567 3302 diximus
1592 3252 1780 3304 modum
1810 3257 1857 3302 in

187 3318 323 3387 plano
348 3321 595 3370 constituti,
