<?xml version="1.0" encoding="UTF-8"?>
<!DOCTYPE html PUBLIC "-//W3C//DTD XHTML 1.0 Transitional//EN"
    "http://www.w3.org/TR/xhtml1/DTD/xhtml1-transitional.dtd">
<html xmlns="http://www.w3.org/1999/xhtml" xml:lang="en" lang="en">
 <head>
  <title>
</title>
<meta http-equiv="Content-Type" content="text/html;charset=utf-8" />
  <meta name='ocr-system' content='tesseract 3.04.00' />
  <meta name='ocr-capabilities' content='ocr_page ocr_carea ocr_par ocr_line ocrx_word'/>
</head>
<body>
  <div class='ocr_page' id='page_1' title='image "./rpioannisfrancis00nice_0224.png"; bbox 0 0 2498 3898; ppageno 0'>
   <div class='ocr_carea' id='block_1_1' title="bbox 607 219 2288 958">
    <p class='ocr_par' dir='ltr' id='par_1_1' title="bbox 607 219 1971 273">
     <span class='ocr_line' id='line_1_1' title="bbox 607 219 1971 273; baseline -0.007 0"><span class='ocrx_word' id='word_1_1' title='bbox 607 236 671 273; x_wconf 79' lang='lat'>182</span> <span class='ocrx_word' id='word_1_2' title='bbox 935 220 1590 269; x_wconf 76' lang='lat' dir='ltr'>THAVMATVRGI</span> <span class='ocrx_word' id='word_1_3' title='bbox 1663 219 1971 265; x_wconf 84' lang='lat' dir='ltr'>OPTICI</span> 
     </span>
    </p>

    <p class='ocr_par' dir='ltr' id='par_1_2' title="bbox 614 285 2288 958">
     <span class='ocr_line' id='line_1_2' title="bbox 614 285 2282 359; baseline -0.005 -18"><span class='ocrx_word' id='word_1_4' title='bbox 614 295 756 341; x_wconf 84' lang='lat' dir='ltr'>statua</span> <span class='ocrx_word' id='word_1_5' title='bbox 775 289 896 359; x_wconf 87' lang='lat' dir='ltr'>pleni</span> <span class='ocrx_word' id='word_1_6' title='bbox 917 288 1244 359; x_wconf 79' lang='lat' dir='ltr'>anaglyphi,ex</span> <span class='ocrx_word' id='word_1_7' title='bbox 1265 306 1356 356; x_wconf 88' lang='lat' dir='ltr'>qua</span> <span class='ocrx_word' id='word_1_8' title='bbox 1383 287 1525 354; x_wconf 83' lang='lat' dir='ltr'>posset</span> <span class='ocrx_word' id='word_1_9' title='bbox 1551 292 1688 335; x_wconf 89' lang='lat' dir='ltr'>etiam</span> <span class='ocrx_word' id='word_1_10' title='bbox 1712 291 1759 334; x_wconf 91' lang='lat' dir='ltr'>in</span> <span class='ocrx_word' id='word_1_11' title='bbox 1777 285 2035 354; x_wconf 82' lang='lat' dir='ltr'>expositum</span> <span class='ocrx_word' id='word_1_12' title='bbox 2063 288 2282 354; x_wconf 81' lang='lat' dir='ltr'>parietem</span> 
     </span>
     <span class='ocr_line' id='line_1_3' title="bbox 614 353 2280 430; baseline -0.005 -21"><span class='ocrx_word' id='word_1_13' title='bbox 614 359 828 430; x_wconf 80' lang='lat' dir='ltr'>regularis</span> <span class='ocrx_word' id='word_1_14' title='bbox 852 359 1106 426; x_wconf 62' lang='lat' dir='ltr'>proiectura</span> <span class='ocrx_word' id='word_1_15' title='bbox 1124 354 1382 426; x_wconf 80' lang='lat' dir='ltr'>confignari</span> <span class='ocrx_word' id='word_1_16' title='bbox 1402 397 1415 415; x_wconf 92' lang='lat'>,</span> <span class='ocrx_word' id='word_1_17' title='bbox 1432 354 1465 404; x_wconf 80' lang='lat' dir='ltr'>si</span> <span class='ocrx_word' id='word_1_18' title='bbox 1492 354 1620 424; x_wconf 79' lang='lat' dir='ltr'>supra</span> <span class='ocrx_word' id='word_1_19' title='bbox 1643 353 1848 403; x_wconf 88' lang='lat' dir='ltr'>tabulam</span> <span class='ocrx_word' id='word_1_20' title='bbox 1858 355 2070 423; x_wconf 61' lang='lat' dir='ltr'>aliquam</span> <span class='ocrx_word' id='word_1_21' title='bbox 2094 374 2170 403; x_wconf 91' lang='lat' dir='ltr'>aut</span> <span class='ocrx_word' id='word_1_22' title='bbox 2200 353 2280 402; x_wconf 84' lang='lat' dir='ltr'>ba-</span> 
     </span>
     <span class='ocr_line' id='line_1_4' title="bbox 616 421 2283 492; baseline -0.004 -15"><span class='ocrx_word' id='word_1_23' title='bbox 616 427 695 478; x_wconf 82' lang='lat' dir='ltr'>sim</span> <span class='ocrx_word' id='word_1_24' title='bbox 714 430 770 477; x_wconf 91' lang='lat' dir='ltr'>ad</span> <span class='ocrx_word' id='word_1_25' title='bbox 794 428 986 476; x_wconf 90' lang='lat' dir='ltr'>modum</span> <span class='ocrx_word' id='word_1_26' title='bbox 1015 427 1141 475; x_wconf 64' lang='lat' dir='ltr'>dietae</span> <span class='ocrx_word' id='word_1_27' title='bbox 1166 424 1328 473; x_wconf 86' lang='lat' dir='ltr'>tabulae</span> <span class='ocrx_word' id='word_1_28' title='bbox 1348 423 1574 473; x_wconf 80' lang='lat' dir='ltr'>mobilem</span> <span class='ocrx_word' id='word_1_29' title='bbox 1598 423 1920 483; x_wconf 79' lang='lat' dir='ltr'>collocaretur,</span> <span class='ocrx_word' id='word_1_30' title='bbox 1936 421 2121 492; x_wconf 83' lang='lat' dir='ltr'>ipsaque</span> <span class='ocrx_word' id='word_1_31' title='bbox 2144 428 2283 475; x_wconf 85' lang='lat' dir='ltr'>etiam</span> 
     </span>
     <span class='ocr_line' id='line_1_5' title="bbox 615 489 2285 568; baseline -0.005 -22"><span class='ocrx_word' id='word_1_32' title='bbox 615 503 740 568; x_wconf 76' lang='lat' dir='ltr'>virga</span> <span class='ocrx_word' id='word_1_33' title='bbox 770 495 967 564; x_wconf 80' lang='lat' dir='ltr'>superior</span> <span class='ocrx_word' id='word_1_34' title='bbox 997 493 1377 564; x_wconf 85' lang='lat' dir='ltr'>perpendiculum</span> <span class='ocrx_word' id='word_1_35' title='bbox 1410 491 1618 542; x_wconf 87' lang='lat' dir='ltr'>deferens</span> <span class='ocrx_word' id='word_1_36' title='bbox 1636 535 1648 554; x_wconf 87' lang='lat'>,</span> <span class='ocrx_word' id='word_1_37' title='bbox 1680 489 1867 540; x_wconf 88' lang='lat' dir='ltr'>mobilis</span> <span class='ocrx_word' id='word_1_38' title='bbox 1894 491 2159 540; x_wconf 86' lang='lat' dir='ltr'>redderetur</span> <span class='ocrx_word' id='word_1_39' title='bbox 2187 511 2285 560; x_wconf 87' lang='lat' dir='ltr'>pro-</span> 
     </span>
     <span class='ocr_line' id='line_1_6' title="bbox 616 559 2283 635; baseline -0.002 -21"><span class='ocrx_word' id='word_1_40' title='bbox 616 586 716 635; x_wconf 89' lang='lat' dir='ltr'>pter</span> <span class='ocrx_word' id='word_1_41' title='bbox 736 562 927 613; x_wconf 87' lang='lat' dir='ltr'>diuersas</span> <span class='ocrx_word' id='word_1_42' title='bbox 944 569 991 612; x_wconf 88' lang='lat' dir='ltr'>in</span> <span class='ocrx_word' id='word_1_43' title='bbox 1011 564 1155 632; x_wconf 86' lang='lat' dir='ltr'>plenis</span> <span class='ocrx_word' id='word_1_44' title='bbox 1171 561 1438 631; x_wconf 73' lang='lat' dir='ltr'>anaglyphis</span> <span class='ocrx_word' id='word_1_45' title='bbox 1458 566 1728 610; x_wconf 79' lang='lat' dir='ltr'>eminentias</span> <span class='ocrx_word' id='word_1_46' title='bbox 1752 571 1796 609; x_wconf 67' lang='grc' dir='ltr'>ὃς</span> <span class='ocrx_word' id='word_1_47' title='bbox 1824 560 2014 608; x_wconf 78' lang='lat' dir='ltr'>recessus</span> <span class='ocrx_word' id='word_1_48' title='bbox 2036 588 2048 619; x_wconf 91' lang='lat'>·‚</span> <span class='ocrx_word' id='word_1_49' title='bbox 2066 559 2224 609; x_wconf 75' lang='lat' dir='ltr'>verum</span> <span class='ocrx_word' id='word_1_50' title='bbox 2239 571 2283 610; x_wconf 87' lang='lat'>&amp;</span> 
     </span>
     <span class='ocr_line' id='line_1_7' title="bbox 616 629 2285 701; baseline -0.004 -18"><span class='ocrx_word' id='word_1_51' title='bbox 616 634 759 684; x_wconf 88' lang='lat' dir='ltr'>multa</span> <span class='ocrx_word' id='word_1_52' title='bbox 779 632 865 681; x_wconf 89' lang='lat' dir='ltr'>alia</span> <span class='ocrx_word' id='word_1_53' title='bbox 881 633 937 681; x_wconf 90' lang='lat' dir='ltr'>ad</span> <span class='ocrx_word' id='word_1_54' title='bbox 958 630 1243 701; x_wconf 82' lang='lat' dir='ltr'>propositum</span> <span class='ocrx_word' id='word_1_55' title='bbox 1261 630 1454 679; x_wconf 89' lang='lat' dir='ltr'>dicenda</span> <span class='ocrx_word' id='word_1_56' title='bbox 1481 629 1521 680; x_wconf 89' lang='lat' dir='ltr'>se</span> <span class='ocrx_word' id='word_1_57' title='bbox 1547 631 1764 680; x_wconf 84' lang='lat' dir='ltr'>offerrent</span> <span class='ocrx_word' id='word_1_58' title='bbox 1780 648 1912 690; x_wconf 86' lang='lat' dir='ltr'>,cum</span> <span class='ocrx_word' id='word_1_59' title='bbox 1929 648 1980 676; x_wconf 89' lang='lat' dir='ltr'>ex</span> <span class='ocrx_word' id='word_1_60' title='bbox 2003 629 2166 677; x_wconf 88' lang='lat' dir='ltr'>tradita</span> <span class='ocrx_word' id='word_1_61' title='bbox 2188 648 2285 678; x_wconf 86' lang='lat' dir='ltr'>me-</span> 
     </span>
     <span class='ocr_line' id='line_1_8' title="bbox 617 696 2287 768; baseline -0.004 -16"><span class='ocrx_word' id='word_1_62' title='bbox 617 702 763 752; x_wconf 85' lang='lat' dir='ltr'>thodo</span> <span class='ocrx_word' id='word_1_63' title='bbox 790 699 1113 750; x_wconf 77' lang='lat' dir='ltr'>iucundissimae</span> <span class='ocrx_word' id='word_1_64' title='bbox 1133 718 1287 768; x_wconf 80' lang='lat' dir='ltr'>praxes</span> <span class='ocrx_word' id='word_1_65' title='bbox 1307 717 1521 748; x_wconf 81' lang='lat' dir='ltr'>eruantur</span> <span class='ocrx_word' id='word_1_66' title='bbox 1541 711 1584 749; x_wconf 89' lang='lat'>&amp;</span> <span class='ocrx_word' id='word_1_67' title='bbox 1614 701 1672 748; x_wconf 89' lang='lat' dir='ltr'>ad</span> <span class='ocrx_word' id='word_1_68' title='bbox 1695 697 1791 747; x_wconf 87' lang='lat' dir='ltr'>vsus</span> <span class='ocrx_word' id='word_1_69' title='bbox 1820 696 2183 767; x_wconf 88' lang='lat' dir='ltr'>quamplurimos</span> <span class='ocrx_word' id='word_1_70' title='bbox 2209 704 2287 747; x_wconf 77' lang='lat' dir='ltr'>vti-</span> 
     </span>
     <span class='ocr_line' id='line_1_9' title="bbox 616 767 2285 839; baseline -0.002 -21"><span class='ocrx_word' id='word_1_71' title='bbox 616 769 804 828; x_wconf 76' lang='lat' dir='ltr'>liffimae,</span> <span class='ocrx_word' id='word_1_72' title='bbox 823 788 935 839; x_wconf 88' lang='lat' dir='ltr'>quas</span> <span class='ocrx_word' id='word_1_73' title='bbox 953 767 1152 819; x_wconf 89' lang='lat' dir='ltr'>studioso</span> <span class='ocrx_word' id='word_1_74' title='bbox 1170 767 1332 817; x_wconf 86' lang='lat' dir='ltr'>artifici</span> <span class='ocrx_word' id='word_1_75' title='bbox 1350 769 1645 835; x_wconf 86' lang='lat' dir='ltr'>inquirendas</span> <span class='ocrx_word' id='word_1_76' title='bbox 1667 767 2016 827; x_wconf 87' lang='lat' dir='ltr'>dimittimus,vt</span> <span class='ocrx_word' id='word_1_77' title='bbox 2036 767 2091 814; x_wconf 92' lang='lat' dir='ltr'>de</span> <span class='ocrx_word' id='word_1_78' title='bbox 2111 767 2225 828; x_wconf 90' lang='lat' dir='ltr'>istis,</span> <span class='ocrx_word' id='word_1_79' title='bbox 2238 772 2285 815; x_wconf 90' lang='lat' dir='ltr'>in</span> 
     </span>
     <span class='ocr_line' id='line_1_10' title="bbox 617 831 2288 908; baseline -0.002 -20"><span class='ocrx_word' id='word_1_80' title='bbox 617 837 786 908; x_wconf 89' lang='lat' dir='ltr'>quibus</span> <span class='ocrx_word' id='word_1_81' title='bbox 803 835 983 888; x_wconf 78' lang='lat' dir='ltr'>fortasse</span> <span class='ocrx_word' id='word_1_82' title='bbox 1010 837 1222 908; x_wconf 84' lang='lat' dir='ltr'>prolixius</span> <span class='ocrx_word' id='word_1_83' title='bbox 1242 854 1384 906; x_wconf 84' lang='lat' dir='ltr'>quam</span> <span class='ocrx_word' id='word_1_84' title='bbox 1400 835 1535 887; x_wconf 84' lang='lat' dir='ltr'>nobis</span> <span class='ocrx_word' id='word_1_85' title='bbox 1556 856 1686 886; x_wconf 90' lang='lat' dir='ltr'>mens</span> <span class='ocrx_word' id='word_1_86' title='bbox 1709 854 1802 884; x_wconf 86' lang='lat' dir='ltr'>erat</span> <span class='ocrx_word' id='word_1_87' title='bbox 1819 833 1977 884; x_wconf 84' lang='lat' dir='ltr'>versati</span> <span class='ocrx_word' id='word_1_88' title='bbox 2005 831 2198 898; x_wconf 86' lang='lat' dir='ltr'>fuimus,</span> <span class='ocrx_word' id='word_1_89' title='bbox 2219 836 2288 884; x_wconf 73' lang='lat' dir='ltr'>di-</span> 
     </span>
     <span class='ocr_line' id='line_1_11' title="bbox 617 903 1137 958; baseline -0.006 0"><span class='ocrx_word' id='word_1_90' title='bbox 617 928 719 958; x_wconf 88' lang='lat' dir='ltr'>cere</span> <span class='ocrx_word' id='word_1_91' title='bbox 740 907 885 957; x_wconf 87' lang='lat' dir='ltr'>finem</span> <span class='ocrx_word' id='word_1_92' title='bbox 906 903 1137 958; x_wconf 86' lang='lat' dir='ltr'>faciamus.</span> 
     </span>
    </p>
   </div>
   <div class='ocr_carea' id='block_1_2' title="bbox 683 1044 2215 1107">
    <p class='ocr_par' dir='ltr' id='par_1_3' title="bbox 683 1044 2215 1107">
     <span class='ocr_line' id='line_1_12' title="bbox 683 1044 2215 1107; baseline -0.004 -9"><span class='ocrx_word' id='word_1_93' title='bbox 683 1050 1210 1098; x_wconf 85' lang='lat' dir='ltr'>PROPOSITIO</span> <span class='ocrx_word' id='word_1_94' title='bbox 1246 1049 1711 1097; x_wconf 89' lang='lat' dir='ltr'>DVODECIMA</span> <span class='ocrx_word' id='word_1_95' title='bbox 1748 1051 1839 1107; x_wconf 82' lang='lat' dir='ltr'>ET</span> <span class='ocrx_word' id='word_1_96' title='bbox 1875 1044 2215 1097; x_wconf 90' lang='lat' dir='ltr'><strong>VLTIMA.</strong></span> 
     </span>
    </p>
   </div>
   <div class='ocr_carea' id='block_1_3' title="bbox 617 1181 2296 1256">
    <p class='ocr_par' dir='ltr' id='par_1_4' title="bbox 617 1181 2296 1256">
     <span class='ocr_line' id='line_1_13' title="bbox 617 1181 2296 1256; baseline -0.004 -22"><span class='ocrx_word' id='word_1_97' title='bbox 617 1185 821 1246; x_wconf 85' lang='lat' dir='ltr'>Quomodo</span> <span class='ocrx_word' id='word_1_98' title='bbox 841 1191 880 1234; x_wconf 87' lang='lat' dir='ltr'>in</span> <span class='ocrx_word' id='word_1_99' title='bbox 896 1186 1024 1256; x_wconf 77' lang='lat' dir='ltr'>planis</span> <span class='ocrx_word' id='word_1_100' title='bbox 1044 1185 1282 1254; x_wconf 78' lang='lat' dir='ltr'>superiorum</span> <span class='ocrx_word' id='word_1_101' title='bbox 1311 1187 1627 1252; x_wconf 73' lang='lat' dir='ltr'>contignationum</span> <span class='ocrx_word' id='word_1_102' title='bbox 1651 1184 1913 1255; x_wconf 75' lang='lat' dir='ltr'>superficiebus</span> <span class='ocrx_word' id='word_1_103' title='bbox 1939 1181 2084 1231; x_wconf 67' lang='lat' dir='ltr'>obiefla</span> <span class='ocrx_word' id='word_1_104' title='bbox 2105 1183 2296 1253; x_wconf 72' lang='lat' dir='ltr'>propofitct</span> 
     </span>
    </p>
   </div>
   <div class='ocr_carea' id='block_1_4' title="bbox 1053 1252 1845 1326">
    <p class='ocr_par' dir='ltr' id='par_1_5' title="bbox 1053 1252 1845 1326">
     <span class='ocr_line' id='line_1_14' title="bbox 1053 1252 1845 1326; baseline 0 -23"><span class='ocrx_word' id='word_1_105' title='bbox 1053 1252 1348 1326; x_wconf 67' lang='lat' dir='ltr'>scenographice¹</span> <span class='ocrx_word' id='word_1_106' title='bbox 1365 1254 1639 1305; x_wconf 76' lang='lat' dir='ltr'>adumbrentur</span> <span class='ocrx_word' id='word_1_107' title='bbox 1652 1273 1845 1325; x_wconf 77' lang='lat' dir='ltr'>exponere.</span> 
     </span>
    </p>
   </div>
   <div class='ocr_carea' id='block_1_5' title="bbox 620 1380 2345 3397">
    <p class='ocr_par' dir='ltr' id='par_1_6' title="bbox 620 1380 2345 3397">
     <span class='ocr_line' id='line_1_15' title="bbox 750 1380 2295 1464; baseline -0.003 -18"><span class='ocrx_word' id='word_1_108' title='bbox 750 1398 857 1447; x_wconf 85' lang='lat' dir='ltr'>Vod</span> <span class='ocrx_word' id='word_1_109' title='bbox 874 1402 922 1445; x_wconf 90' lang='lat' dir='ltr'>in</span> <span class='ocrx_word' id='word_1_110' title='bbox 939 1396 1213 1464; x_wconf 86' lang='lat' dir='ltr'>praecedenti</span> <span class='ocrx_word' id='word_1_111' title='bbox 1229 1395 1542 1464; x_wconf 72' lang='lat' dir='ltr'>propositione</span> <span class='ocrx_word' id='word_1_112' title='bbox 1554 1394 1861 1446; x_wconf 88' lang='lat' dir='ltr'>monebamus</span> <span class='ocrx_word' id='word_1_113' title='bbox 1874 1432 1887 1449; x_wconf 88' lang='lat'><em>,</em></span> <span class='ocrx_word' id='word_1_114' title='bbox 1898 1380 2295 1461; x_wconf 75' lang='lat' dir='ltr'>eamdemprorsus</span> 
     </span>
     <span class='ocr_line' id='line_1_16' title="bbox 624 1406 2298 1535; baseline -0.004 -20"><span class='ocrx_word' id='word_1_115' title='bbox 624 1406 839 1530; x_wconf 81' lang='lat' dir='ltr'>Qeffe</span> <span class='ocrx_word' id='word_1_116' title='bbox 866 1470 1093 1514; x_wconf 89' lang='lat' dir='ltr'>rationem</span> <span class='ocrx_word' id='word_1_117' title='bbox 1113 1464 1298 1514; x_wconf 56' lang='lat' dir='ltr'>obiecta</span> <span class='ocrx_word' id='word_1_118' title='bbox 1325 1462 1683 1535; x_wconf 70' lang='lat' dir='ltr'>scenographice</span> <span class='ocrx_word' id='word_1_119' title='bbox 1708 1464 1970 1514; x_wconf 87' lang='lat' dir='ltr'>delineandi</span> <span class='ocrx_word' id='word_1_120' title='bbox 1997 1468 2045 1511; x_wconf 88' lang='lat' dir='ltr'>in</span> <span class='ocrx_word' id='word_1_121' title='bbox 2072 1463 2206 1531; x_wconf 78' lang='lat' dir='ltr'>plana</span> <span class='ocrx_word' id='word_1_122' title='bbox 2228 1461 2298 1510; x_wconf 76' lang='lat' dir='ltr'>su-</span> 
     </span>
     <span class='ocr_line' id='line_1_17' title="bbox 620 1531 2299 1606; baseline -0.003 -21"><span class='ocrx_word' id='word_1_123' title='bbox 620 1537 806 1606; x_wconf 88' lang='lat' dir='ltr'>perficie</span> <span class='ocrx_word' id='word_1_124' title='bbox 824 1535 1057 1584; x_wconf 88' lang='lat' dir='ltr'>horizonti</span> <span class='ocrx_word' id='word_1_125' title='bbox 1074 1532 1338 1594; x_wconf 82' lang='lat' dir='ltr'>coextensa,</span> <span class='ocrx_word' id='word_1_126' title='bbox 1356 1553 1496 1604; x_wconf 86' lang='lat' dir='ltr'>atque</span> <span class='ocrx_word' id='word_1_127' title='bbox 1514 1539 1562 1582; x_wconf 88' lang='lat' dir='ltr'>in</span> <span class='ocrx_word' id='word_1_128' title='bbox 1583 1534 1721 1603; x_wconf 90' lang='lat' dir='ltr'>plano</span> <span class='ocrx_word' id='word_1_129' title='bbox 1752 1532 1966 1603; x_wconf 89' lang='lat' dir='ltr'>quolibet</span> <span class='ocrx_word' id='word_1_130' title='bbox 1994 1532 2051 1580; x_wconf 86' lang='lat' dir='ltr'>ad</span> <span class='ocrx_word' id='word_1_131' title='bbox 2081 1531 2299 1580; x_wconf 81' lang='lat' dir='ltr'>horizon-</span> 
     </span>
     <span class='ocr_line' id='line_1_18' title="bbox 621 1597 2299 1672; baseline -0.004 -18"><span class='ocrx_word' id='word_1_132' title='bbox 621 1624 717 1655; x_wconf 91' lang='lat' dir='ltr'>tem</span> <span class='ocrx_word' id='word_1_133' title='bbox 735 1609 860 1655; x_wconf 59' lang='lat' dir='ltr'>recto</span> <span class='ocrx_word' id='word_1_134' title='bbox 882 1631 894 1664; x_wconf 89' lang='lat'>·,</span> <span class='ocrx_word' id='word_1_135' title='bbox 915 1603 1023 1651; x_wconf 87' lang='lat' dir='ltr'>inde</span> <span class='ocrx_word' id='word_1_136' title='bbox 1043 1621 1168 1671; x_wconf 89' lang='lat' dir='ltr'>patet</span> <span class='ocrx_word' id='word_1_137' title='bbox 1188 1603 1320 1672; x_wconf 90' lang='lat' dir='ltr'>quod</span> <span class='ocrx_word' id='word_1_138' title='bbox 1342 1602 1592 1670; x_wconf 86' lang='lat' dir='ltr'>vtrobique</span> <span class='ocrx_word' id='word_1_139' title='bbox 1620 1608 1815 1672; x_wconf 78' lang='lat' dir='ltr'>pyramis</span> <span class='ocrx_word' id='word_1_140' title='bbox 1843 1605 2156 1670; x_wconf 88' lang='lat' dir='ltr'>optica,cuius</span> <span class='ocrx_word' id='word_1_141' title='bbox 2183 1597 2299 1648; x_wconf 76' lang='lat' dir='ltr'>bafis</span> 
     </span>
     <span class='ocr_line' id='line_1_19' title="bbox 622 1668 2301 1740; baseline -0.002 -18"><span class='ocrx_word' id='word_1_142' title='bbox 622 1679 671 1723; x_wconf 90' lang='lat' dir='ltr'>in</span> <span class='ocrx_word' id='word_1_143' title='bbox 694 1674 887 1724; x_wconf 56' lang='lat' dir='ltr'>obieritis</span> <span class='ocrx_word' id='word_1_144' title='bbox 908 1682 952 1721; x_wconf 87' lang='lat'>&amp;</span> <span class='ocrx_word' id='word_1_145' title='bbox 971 1690 1123 1721; x_wconf 85' lang='lat' dir='ltr'>vertex</span> <span class='ocrx_word' id='word_1_146' title='bbox 1140 1677 1189 1720; x_wconf 88' lang='lat' dir='ltr'>in</span> <span class='ocrx_word' id='word_1_147' title='bbox 1214 1671 1337 1721; x_wconf 89' lang='lat' dir='ltr'>oculi</span> <span class='ocrx_word' id='word_1_148' title='bbox 1365 1690 1525 1721; x_wconf 91' lang='lat' dir='ltr'>centro</span> <span class='ocrx_word' id='word_1_149' title='bbox 1555 1669 1849 1740; x_wconf 86' lang='lat' dir='ltr'>supponitur,</span> <span class='ocrx_word' id='word_1_150' title='bbox 1870 1670 2006 1719; x_wconf 87' lang='lat' dir='ltr'>secari</span> <span class='ocrx_word' id='word_1_151' title='bbox 2030 1668 2301 1739; x_wconf 81' lang='lat' dir='ltr'>intelligitur</span> 
     </span>
     <span class='ocr_line' id='line_1_20' title="bbox 623 1737 2301 1812; baseline -0.002 -21"><span class='ocrx_word' id='word_1_152' title='bbox 623 1743 763 1812; x_wconf 83' lang='lat' dir='ltr'>plano</span> <span class='ocrx_word' id='word_1_153' title='bbox 780 1741 873 1792; x_wconf 85' lang='lat' dir='ltr'>siue</span> <span class='ocrx_word' id='word_1_154' title='bbox 888 1746 1114 1803; x_wconf 87' lang='lat' dir='ltr'>vitre0,in</span> <span class='ocrx_word' id='word_1_155' title='bbox 1133 1741 1264 1810; x_wconf 85' lang='lat' dir='ltr'>quod</span> <span class='ocrx_word' id='word_1_156' title='bbox 1281 1739 1573 1791; x_wconf 63' lang='lat' dir='ltr'>obiectorum</span> <span class='ocrx_word' id='word_1_157' title='bbox 1601 1737 1823 1789; x_wconf 87' lang='lat' dir='ltr'>eiufinodi</span> <span class='ocrx_word' id='word_1_158' title='bbox 1846 1738 2014 1809; x_wconf 87' lang='lat' dir='ltr'>species</span> <span class='ocrx_word' id='word_1_159' title='bbox 2036 1743 2227 1787; x_wconf 90' lang='lat' dir='ltr'>veniunt</span> <span class='ocrx_word' id='word_1_160' title='bbox 2247 1755 2301 1788; x_wconf 73' lang='lat' dir='ltr'>ex‘</span> 
     </span>
     <span class='ocr_line' id='line_1_21' title="bbox 623 1807 2304 1880; baseline -0.004 -19"><span class='ocrx_word' id='word_1_161' title='bbox 623 1818 787 1880; x_wconf 89' lang='lat' dir='ltr'>opticae</span> <span class='ocrx_word' id='word_1_162' title='bbox 808 1814 1100 1880; x_wconf 60' lang='lat' dir='ltr'>proiecitionis</span> <span class='ocrx_word' id='word_1_163' title='bbox 1116 1808 1296 1879; x_wconf 81' lang='lat' dir='ltr'>legibus</span> <span class='ocrx_word' id='word_1_164' title='bbox 1318 1808 1651 1880; x_wconf 79' lang='lat' dir='ltr'>confignandae.</span> <span class='ocrx_word' id='word_1_165' title='bbox 1668 1807 2076 1860; x_wconf 26' lang='lat' dir='ltr'>*Sedrecolendum</span> <span class='ocrx_word' id='word_1_166' title='bbox 2094 1807 2304 1875; x_wconf 84' lang='lat' dir='ltr'>estquod</span> 
     </span>
     <span class='ocr_line' id='line_1_22' title="bbox 624 1873 2304 1946; baseline -0.004 -16"><span class='ocrx_word' id='word_1_167' title='bbox 624 1880 735 1930; x_wconf 88' lang='lat' dir='ltr'>alibi</span> <span class='ocrx_word' id='word_1_168' title='bbox 760 1877 1113 1929; x_wconf 89' lang='lat' dir='ltr'>aduertebamus</span> <span class='ocrx_word' id='word_1_169' title='bbox 1133 1920 1146 1940; x_wconf 93' lang='lat'>,</span> <span class='ocrx_word' id='word_1_170' title='bbox 1175 1877 1365 1927; x_wconf 89' lang='lat' dir='ltr'>oculum</span> <span class='ocrx_word' id='word_1_171' title='bbox 1387 1883 1436 1933; x_wconf 83' lang='lat' dir='ltr'>in</span> <span class='ocrx_word' id='word_1_172' title='bbox 1462 1882 1628 1946; x_wconf 89' lang='lat' dir='ltr'>opticis</span> <span class='ocrx_word' id='word_1_173' title='bbox 1661 1873 2048 1926; x_wconf 86' lang='lat' dir='ltr'>delineationibus</span> <span class='ocrx_word' id='word_1_174' title='bbox 2073 1873 2304 1943; x_wconf 72' lang='lat' dir='ltr'>saepiffime</span> 
     </span>
     <span class='ocr_line' id='line_1_23' title="bbox 625 1944 2306 2015; baseline -0.004 -15"><span class='ocrx_word' id='word_1_175' title='bbox 625 1948 901 2000; x_wconf 86' lang='lat' dir='ltr'>considerari</span> <span class='ocrx_word' id='word_1_176' title='bbox 929 1965 976 1996; x_wconf 91' lang='lat' dir='ltr'>vt</span> <span class='ocrx_word' id='word_1_177' title='bbox 996 1946 1194 1997; x_wconf 88' lang='lat' dir='ltr'>liberum</span> <span class='ocrx_word' id='word_1_178' title='bbox 1213 1952 1253 1995; x_wconf 90' lang='lat' dir='ltr'>.i.</span> <span class='ocrx_word' id='word_1_179' title='bbox 1280 1966 1328 1997; x_wconf 88' lang='lat' dir='ltr'>vt</span> <span class='ocrx_word' id='word_1_180' title='bbox 1356 1946 1471 1996; x_wconf 85' lang='lat' dir='ltr'>nulli</span> <span class='ocrx_word' id='word_1_181' title='bbox 1497 1946 1681 1996; x_wconf 84' lang='lat' dir='ltr'>affixum</span> <span class='ocrx_word' id='word_1_182' title='bbox 1711 1951 1914 2015; x_wconf 85' lang='lat' dir='ltr'>corpori,</span> <span class='ocrx_word' id='word_1_183' title='bbox 1935 1963 2012 1994; x_wconf 89' lang='lat' dir='ltr'>aut</span> <span class='ocrx_word' id='word_1_184' title='bbox 2035 1944 2149 1994; x_wconf 91' lang='lat' dir='ltr'>nulli</span> <span class='ocrx_word' id='word_1_185' title='bbox 2171 1945 2306 1994; x_wconf 84' lang='lat' dir='ltr'>statui</span> 
     </span>
     <span class='ocr_line' id='line_1_24' title="bbox 625 2012 2305 2088; baseline -0.005 -20"><span class='ocrx_word' id='word_1_186' title='bbox 625 2017 876 2088; x_wconf 82' lang='lat' dir='ltr'>specialiter</span> <span class='ocrx_word' id='word_1_187' title='bbox 894 2026 938 2066; x_wconf 71' lang='grc' dir='ltr'>δε</span> <span class='ocrx_word' id='word_1_188' title='bbox 960 2036 1012 2065; x_wconf 86' lang='lat' dir='ltr'>ex</span> <span class='ocrx_word' id='word_1_189' title='bbox 1039 2015 1303 2066; x_wconf 82' lang='lat' dir='ltr'>necessitate</span> <span class='ocrx_word' id='word_1_190' title='bbox 1329 2018 1590 2077; x_wconf 61' lang='lat' dir='ltr'>addictum,</span> <span class='ocrx_word' id='word_1_191' title='bbox 1609 2016 1740 2086; x_wconf 91' lang='lat' dir='ltr'>quod</span> <span class='ocrx_word' id='word_1_192' title='bbox 1763 2014 1886 2063; x_wconf 67' lang='lat' dir='ltr'>certe</span> <span class='ocrx_word' id='word_1_193' title='bbox 1911 2015 1988 2064; x_wconf 75' lang='lat' dir='ltr'>hic</span> <span class='ocrx_word' id='word_1_194' title='bbox 2012 2017 2208 2063; x_wconf 81' lang='lat' dir='ltr'>maxime</span> <span class='ocrx_word' id='word_1_195' title='bbox 2233 2012 2305 2061; x_wconf 82' lang='lat' dir='ltr'>lo-</span> 
     </span>
     <span class='ocr_line' id='line_1_25' title="bbox 624 2082 2306 2153; baseline -0.005 -16"><span class='ocrx_word' id='word_1_196' title='bbox 624 2107 733 2137; x_wconf 90' lang='lat' dir='ltr'>cum</span> <span class='ocrx_word' id='word_1_197' title='bbox 752 2086 923 2137; x_wconf 88' lang='lat' dir='ltr'>habere</span> <span class='ocrx_word' id='word_1_198' title='bbox 939 2086 1139 2146; x_wconf 88' lang='lat' dir='ltr'>videtur,</span> <span class='ocrx_word' id='word_1_199' title='bbox 1159 2084 1239 2133; x_wconf 81' lang='lat' dir='ltr'>vbi</span> <span class='ocrx_word' id='word_1_200' title='bbox 1260 2090 1421 2153; x_wconf 63' lang='lat' dir='ltr'>puncti</span> <span class='ocrx_word' id='word_1_201' title='bbox 1433 2084 1627 2134; x_wconf 85' lang='lat' dir='ltr'>ocularis</span> <span class='ocrx_word' id='word_1_202' title='bbox 1648 2083 1865 2145; x_wconf 87' lang='lat' dir='ltr'>altitudO,</span> <span class='ocrx_word' id='word_1_203' title='bbox 1884 2102 1936 2132; x_wconf 82' lang='lat' dir='ltr'>ex</span> <span class='ocrx_word' id='word_1_204' title='bbox 1953 2087 2080 2132; x_wconf 87' lang='lat' dir='ltr'>cuius</span> <span class='ocrx_word' id='word_1_205' title='bbox 2095 2082 2306 2135; x_wconf 70' lang='lat' dir='ltr'>interuaL</span> 
     </span>
     <span class='ocr_line' id='line_1_26' title="bbox 626 2148 2305 2224; baseline -0.004 -18"><span class='ocrx_word' id='word_1_206' title='bbox 626 2157 673 2206; x_wconf 94' lang='lat' dir='ltr'>lo</span> <span class='ocrx_word' id='word_1_207' title='bbox 690 2155 947 2206; x_wconf 84' lang='lat' dir='ltr'>solebamus</span> <span class='ocrx_word' id='word_1_208' title='bbox 966 2160 1014 2203; x_wconf 90' lang='lat' dir='ltr'>in</span> <span class='ocrx_word' id='word_1_209' title='bbox 1030 2159 1167 2224; x_wconf 88' lang='lat' dir='ltr'>priori</span> <span class='ocrx_word' id='word_1_210' title='bbox 1196 2153 1316 2203; x_wconf 87' lang='lat' dir='ltr'>libro</span> <span class='ocrx_word' id='word_1_211' title='bbox 1333 2154 1503 2203; x_wconf 90' lang='lat' dir='ltr'>lineam</span> <span class='ocrx_word' id='word_1_212' title='bbox 1519 2150 1858 2204; x_wconf 78' lang='lat' dir='ltr'>horizontalem</span> <span class='ocrx_word' id='word_1_213' title='bbox 1878 2153 2043 2201; x_wconf 86' lang='lat' dir='ltr'>ducere</span> <span class='ocrx_word' id='word_1_214' title='bbox 2054 2148 2305 2200; x_wconf 78' lang='lat' dir='ltr'>vitrei-basi</span> 
     </span>
     <span class='ocr_line' id='line_1_27' title="bbox 627 2219 2307 2295; baseline -0.004 -21"><span class='ocrx_word' id='word_1_215' title='bbox 627 2224 912 2295; x_wconf 87' lang='lat' dir='ltr'>parallelam,</span> <span class='ocrx_word' id='word_1_216' title='bbox 929 2243 1026 2272; x_wconf 92' lang='lat' dir='ltr'>non</span> <span class='ocrx_word' id='word_1_217' title='bbox 1049 2221 1182 2292; x_wconf 78' lang='lat' dir='ltr'>possit</span> <span class='ocrx_word' id='word_1_218' title='bbox 1202 2227 1293 2271; x_wconf 89' lang='lat' dir='ltr'>iam</span> <span class='ocrx_word' id='word_1_219' title='bbox 1312 2224 1516 2273; x_wconf 85' lang='lat' dir='ltr'>aestimari</span> <span class='ocrx_word' id='word_1_220' title='bbox 1542 2240 1594 2270; x_wconf 85' lang='lat' dir='ltr'>ex</span> <span class='ocrx_word' id='word_1_221' title='bbox 1619 2219 1861 2271; x_wconf 80' lang='lat' dir='ltr'>altitudine</span> <span class='ocrx_word' id='word_1_222' title='bbox 1884 2221 2085 2273; x_wconf 84' lang='lat' dir='ltr'>hominis</span> <span class='ocrx_word' id='word_1_223' title='bbox 2111 2219 2307 2268; x_wconf 78' lang='lat' dir='ltr'>naturali</span> 
     </span>
     <span class='ocr_line' id='line_1_28' title="bbox 627 2287 2307 2364; baseline -0.005 -20"><span class='ocrx_word' id='word_1_224' title='bbox 627 2305 673 2344; x_wconf 67' lang='grc' dir='ltr'>ὃς</span> <span class='ocrx_word' id='word_1_225' title='bbox 687 2299 833 2364; x_wconf 84' lang='lat' dir='ltr'>magis</span> <span class='ocrx_word' id='word_1_226' title='bbox 849 2293 1076 2343; x_wconf 89' lang='lat' dir='ltr'>ordinaria</span> <span class='ocrx_word' id='word_1_227' title='bbox 1095 2310 1294 2360; x_wconf 88' lang='lat' dir='ltr'>quatuor</span> <span class='ocrx_word' id='word_1_228' title='bbox 1309 2309 1387 2340; x_wconf 89' lang='lat' dir='ltr'>aut</span> <span class='ocrx_word' id='word_1_229' title='bbox 1405 2297 1616 2361; x_wconf 88' lang='lat' dir='ltr'>quinque</span> <span class='ocrx_word' id='word_1_230' title='bbox 1662 2289 1833 2343; x_wconf 77' lang='lat' dir='ltr'>edum,</span> <span class='ocrx_word' id='word_1_231' title='bbox 1856 2287 1931 2339; x_wconf 87' lang='lat' dir='ltr'>sed</span> <span class='ocrx_word' id='word_1_232' title='bbox 1958 2288 2143 2338; x_wconf 84' lang='lat' dir='ltr'>aliunde</span> <span class='ocrx_word' id='word_1_233' title='bbox 2167 2297 2211 2341; x_wconf 69' lang='grc' dir='ltr'>ὃς</span> <span class='ocrx_word' id='word_1_234' title='bbox 2238 2288 2307 2337; x_wconf 84' lang='lat' dir='ltr'>di·-</span> 
     </span>
     <span class='ocr_line' id='line_1_29' title="bbox 629 2311 2307 2430; baseline -0.004 -17"><span class='ocrx_word' id='word_1_235' title='bbox 629 2362 755 2413; x_wconf 89' lang='lat' dir='ltr'>uersa</span> <span class='ocrx_word' id='word_1_236' title='bbox 772 2369 911 2414; x_wconf 89' lang='lat' dir='ltr'>etiam</span> <span class='ocrx_word' id='word_1_237' title='bbox 930 2380 978 2411; x_wconf 88' lang='lat' dir='ltr'>vt</span> <span class='ocrx_word' id='word_1_238' title='bbox 998 2359 1247 2430; x_wconf 75' lang='lat' dir='ltr'>plurimum</span> <span class='ocrx_word' id='word_1_239' title='bbox 1261 2366 1309 2410; x_wconf 88' lang='lat' dir='ltr'>in</span> <span class='ocrx_word' id='word_1_240' title='bbox 1338 2361 1501 2409; x_wconf 86' lang='lat' dir='ltr'>eadem</span> <span class='ocrx_word' id='word_1_241' title='bbox 1534 2311 1691 2408; x_wconf 43' lang='lat' dir='ltr'>tabuffa</span> <span class='ocrx_word' id='word_1_242' title='bbox 1719 2359 1958 2412; x_wconf 78' lang='lat' dir='ltr'>statuenda</span> <span class='ocrx_word' id='word_1_243' title='bbox 1985 2355 2040 2408; x_wconf 81' lang='lat' dir='ltr'>sit</span> <span class='ocrx_word' id='word_1_244' title='bbox 2065 2352 2156 2407; x_wconf 80' lang='lat' dir='ltr'>siue</span> <span class='ocrx_word' id='word_1_245' title='bbox 2186 2356 2307 2407; x_wconf 81' lang='lat' dir='ltr'>linea</span> 
     </span>
     <span class='ocr_line' id='line_1_30' title="bbox 628 2420 2305 2499; baseline -0.004 -16"><span class='ocrx_word' id='word_1_246' title='bbox 628 2430 948 2494; x_wconf 81' lang='lat' dir='ltr'>liorizontalis,</span> <span class='ocrx_word' id='word_1_247' title='bbox 960 2427 1054 2480; x_wconf 83' lang='lat' dir='ltr'>siue</span> <span class='ocrx_word' id='word_1_248' title='bbox 1070 2428 1364 2492; x_wconf 82' lang='lat' dir='ltr'>vitrei-basis,</span> <span class='ocrx_word' id='word_1_249' title='bbox 1384 2447 1485 2499; x_wconf 88' lang='lat' dir='ltr'>quae</span> <span class='ocrx_word' id='word_1_250' title='bbox 1503 2446 1552 2479; x_wconf 91' lang='lat' dir='ltr'>vt</span> <span class='ocrx_word' id='word_1_251' title='bbox 1568 2428 1736 2479; x_wconf 19' lang='lat' dir='ltr'>clarius*</span> <span class='ocrx_word' id='word_1_252' title='bbox 1747 2420 1966 2497; x_wconf 83' lang='lat' dir='ltr'>agnoscas</span> <span class='ocrx_word' id='word_1_253' title='bbox 1987 2437 2032 2478; x_wconf 88' lang='lat'>&amp;</span> <span class='ocrx_word' id='word_1_254' title='bbox 2054 2422 2219 2479; x_wconf 55' lang='lat' dir='ltr'>meliti-s</span> <span class='ocrx_word' id='word_1_255' title='bbox 2233 2430 2305 2477; x_wconf 65' lang='lat' dir='ltr'>im.</span> 
     </span>
     <span class='ocr_line' id='line_1_31' title="bbox 630 2502 2289 2573; baseline -0.003 -21"><span class='ocrx_word' id='word_1_256' title='bbox 630 2502 819 2573; x_wconf 79' lang='lat' dir='ltr'>telligas.</span> <span class='ocrx_word' id='word_1_257' title='bbox 2128 2534 2129 2539; x_wconf 59' lang='lat'><em>=</em></span> <span class='ocrx_word' id='word_1_258' title='bbox 2165 2535 2177 2547; x_wconf 36' lang='grc' dir='ltr'>,ι</span> <span class='ocrx_word' id='word_1_259' title='bbox 2252 2524 2254 2526; x_wconf 63' lang='grc'>’</span> <span class='ocrx_word' id='word_1_260' title='bbox 2286 2504 2289 2511; x_wconf 80' lang='grc'><strong>’</strong></span> 
     </span>
     <span class='ocr_line' id='line_1_32' title="bbox 701 2564 2308 2641; baseline -0.004 -21"><span class='ocrx_word' id='word_1_261' title='bbox 701 2570 874 2641; x_wconf 88' lang='lat' dir='ltr'>Inspice</span> <span class='ocrx_word' id='word_1_262' title='bbox 889 2571 1122 2622; x_wconf 85' lang='lat' dir='ltr'>Tabulam</span> <span class='ocrx_word' id='word_1_263' title='bbox 1138 2592 1198 2633; x_wconf 83' lang='lat'>34.</span> <span class='ocrx_word' id='word_1_264' title='bbox 1216 2574 1343 2620; x_wconf 90' lang='lat' dir='ltr'>cuius</span> <span class='ocrx_word' id='word_1_265' title='bbox 1363 2587 1515 2619; x_wconf 90' lang='lat' dir='ltr'>totum</span> <span class='ocrx_word' id='word_1_266' title='bbox 1528 2566 1720 2637; x_wconf 84' lang='lat' dir='ltr'>spatium</span> <span class='ocrx_word' id='word_1_267' title='bbox 1733 2567 1939 2636; x_wconf 86' lang='lat' dir='ltr'>quadran</span> <span class='ocrx_word' id='word_1_268' title='bbox 1965 2564 2308 2627; x_wconf 69' lang='lat' dir='ltr'>utumABssCD,</span> 
     </span>
     <span class='ocr_line' id='line_1_33' title="bbox 629 2585 2307 2710; baseline -0.004 -21"><span class='ocrx_word' id='word_1_269' title='bbox 629 2643 879 2710; x_wconf 81' lang='lat' dir='ltr'>imaginare</span> <span class='ocrx_word' id='word_1_270' title='bbox 896 2641 982 2690; x_wconf 84' lang='lat' dir='ltr'>effe</span> <span class='ocrx_word' id='word_1_271' title='bbox 1004 2640 1189 2709; x_wconf 84' lang='lat' dir='ltr'>planam</span> <span class='ocrx_word' id='word_1_272' title='bbox 1206 2636 1491 2707; x_wconf 85' lang='lat' dir='ltr'>superficiem</span> <span class='ocrx_word' id='word_1_273' title='bbox 1519 2638 1753 2687; x_wconf 87' lang='lat' dir='ltr'>horizonti</span> <span class='ocrx_word' id='word_1_274' title='bbox 1781 2585 2044 2704; x_wconf 39' lang='lat' dir='ltr'>paralleffam</span> <span class='ocrx_word' id='word_1_275' title='bbox 2069 2633 2307 2704; x_wconf 85' lang='lat' dir='ltr'>superioris</span> 
     </span>
     <span class='ocr_line' id='line_1_34' title="bbox 629 2701 2306 2779; baseline -0.004 -22"><span class='ocrx_word' id='word_1_276' title='bbox 629 2714 992 2779; x_wconf 80' lang='lat' dir='ltr'>contignationis</span> <span class='ocrx_word' id='word_1_277' title='bbox 1012 2709 1200 2758; x_wconf 88' lang='lat' dir='ltr'>alicuius</span> <span class='ocrx_word' id='word_1_278' title='bbox 1218 2707 1349 2769; x_wconf 85' lang='lat' dir='ltr'>aulae,</span> <span class='ocrx_word' id='word_1_279' title='bbox 1369 2726 1512 2777; x_wconf 88' lang='lat' dir='ltr'>quam</span> <span class='ocrx_word' id='word_1_280' title='bbox 1527 2706 1737 2774; x_wconf 86' lang='lat' dir='ltr'>vndique·</span> <span class='ocrx_word' id='word_1_281' title='bbox 1763 2704 1822 2753; x_wconf 85' lang='lat' dir='ltr'>a&#39;d</span> <span class='ocrx_word' id='word_1_282' title='bbox 1847 2708 2000 2758; x_wconf 61' lang='lat' dir='ltr'>rectos,</span> <span class='ocrx_word' id='word_1_283' title='bbox 2020 2701 2221 2774; x_wconf 51' lang='lat' dir='ltr'>angulos¹</span> <span class='ocrx_word' id='word_1_284' title='bbox 2237 2701 2306 2752; x_wconf 72' lang='lat' dir='ltr'>su-</span> 
     </span>
     <span class='ocr_line' id='line_1_35' title="bbox 631 2771 2345 2848; baseline -0.002 -23"><span class='ocrx_word' id='word_1_285' title='bbox 631 2779 831 2827; x_wconf 90' lang='lat' dir='ltr'>stentant</span> <span class='ocrx_word' id='word_1_286' title='bbox 846 2797 1047 2848; x_wconf 89' lang='lat' dir='ltr'>quatuor</span> <span class='ocrx_word' id='word_1_287' title='bbox 1064 2782 1279 2847; x_wconf 87' lang='lat' dir='ltr'>parietes,</span> <span class='ocrx_word' id='word_1_288' title='bbox 1297 2794 1499 2845; x_wconf 89' lang='lat' dir='ltr'>quorum</span> <span class='ocrx_word' id='word_1_289' title='bbox 1525 2785 1569 2825; x_wconf 66' lang='grc' dir='ltr'>ὃς</span> <span class='ocrx_word' id='word_1_290' title='bbox 1588 2771 1791 2828; x_wconf 73' lang='lat' dir='ltr'>eiusdem</span> <span class='ocrx_word' id='word_1_291' title='bbox 1812 2771 2307 2842; x_wconf 79' lang='lat' dir='ltr'>superficiei-:commu-</span> <span class='ocrx_word' id='word_1_292' title='bbox 2338 2822 2345 2826; x_wconf 73' lang='grc'>,</span> 
     </span>
     <span class='ocr_line' id='line_1_36' title="bbox 631 2840 2306 2912; baseline -0.002 -19"><span class='ocrx_word' id='word_1_293' title='bbox 631 2863 711 2894; x_wconf 87' lang='lat' dir='ltr'>nes</span> <span class='ocrx_word' id='word_1_294' title='bbox 734 2844 954 2896; x_wconf 62' lang='lat' dir='ltr'>sectiones</span> <span class='ocrx_word' id='word_1_295' title='bbox 971 2843 1072 2896; x_wconf 91' lang='lat' dir='ltr'>sunt</span> <span class='ocrx_word' id='word_1_296' title='bbox 1093 2850 1131 2897; x_wconf 94' lang='lat' dir='ltr'><strong>A</strong></span> <span class='ocrx_word' id='word_1_297' title='bbox 1146 2853 1179 2896; x_wconf 93' lang='lat' dir='ltr'>B</span> <span class='ocrx_word' id='word_1_298' title='bbox 1195 2888 1208 2909; x_wconf 89' lang='lat'>,</span> <span class='ocrx_word' id='word_1_299' title='bbox 1230 2852 1263 2895; x_wconf 90' lang='lat' dir='ltr'><strong>B</strong></span> <span class='ocrx_word' id='word_1_300' title='bbox 1278 2851 1341 2907; x_wconf 86' lang='lat' dir='ltr'>C,</span> <span class='ocrx_word' id='word_1_301' title='bbox 1360 2851 1454 2896; x_wconf 87' lang='lat' dir='ltr'>CD</span> <span class='ocrx_word' id='word_1_302' title='bbox 1469 2888 1482 2908; x_wconf 91' lang='lat'>,</span> <span class='ocrx_word' id='word_1_303' title='bbox 1500 2847 1598 2895; x_wconf 87' lang='lat' dir='ltr'>DA</span> <span class='ocrx_word' id='word_1_304' title='bbox 1622 2884 1634 2905; x_wconf 86' lang='lat'>‚</span> <span class='ocrx_word' id='word_1_305' title='bbox 1658 2861 1799 2912; x_wconf 87' lang='lat' dir='ltr'>atque</span> <span class='ocrx_word' id='word_1_306' title='bbox 1829 2847 1877 2890; x_wconf 90' lang='lat' dir='ltr'>in</span> <span class='ocrx_word' id='word_1_307' title='bbox 1903 2860 1958 2890; x_wconf 64' lang='lat' dir='ltr'>ea&gt;</span> <span class='ocrx_word' id='word_1_308' title='bbox 1973 2840 2306 2910; x_wconf 71' lang='lat' dir='ltr'>proponetibi</span> 
     </span>
     <span class='ocr_line' id='line_1_37' title="bbox 632 2906 2308 2984; baseline -0.002 -22"><span class='ocrx_word' id='word_1_309' title='bbox 632 2911 988 2984; x_wconf 69' lang='lat' dir='ltr'>scenographice</span> <span class='ocrx_word' id='word_1_310' title='bbox 1009 2915 1337 2965; x_wconf 87' lang='lat' dir='ltr'>delineandum</span> <span class='ocrx_word' id='word_1_311' title='bbox 1359 2913 1598 2964; x_wconf 64' lang='lat' dir='ltr'>obiectum</span> <span class='ocrx_word' id='word_1_312' title='bbox 1624 2912 1965 2981; x_wconf 87' lang='lat' dir='ltr'>quodcunque,</span> <span class='ocrx_word' id='word_1_313' title='bbox 1985 2929 2023 2958; x_wconf 89' lang='lat' dir='ltr'>v.</span> <span class='ocrx_word' id='word_1_314' title='bbox 2047 2929 2088 2979; x_wconf 84' lang='lat' dir='ltr'>g.</span> <span class='ocrx_word' id='word_1_315' title='bbox 2112 2906 2308 2959; x_wconf 89' lang='lat' dir='ltr'>solidum</span> 
     </span>
     <span class='ocr_line' id='line_1_38' title="bbox 632 2972 2307 3053; baseline -0.004 -20"><span class='ocrx_word' id='word_1_316' title='bbox 632 2989 680 3033; x_wconf 92' lang='lat' dir='ltr'><em>H</em></span> <span class='ocrx_word' id='word_1_317' title='bbox 694 2988 710 3030; x_wconf 93' lang='lat' dir='ltr'>I</span> <span class='ocrx_word' id='word_1_318' title='bbox 722 2987 788 3049; x_wconf 82' lang='lat' dir='ltr'>K,</span> <span class='ocrx_word' id='word_1_319' title='bbox 810 2984 1150 3052; x_wconf 87' lang='lat' dir='ltr'>diagrammatis</span> <span class='ocrx_word' id='word_1_320' title='bbox 1165 2981 1512 3053; x_wconf 77' lang='lat' dir='ltr'>septuagesimi,</span> <span class='ocrx_word' id='word_1_321' title='bbox 1531 2981 1662 3051; x_wconf 89' lang='lat' dir='ltr'>quod</span> <span class='ocrx_word' id='word_1_322' title='bbox 1692 2972 1821 3048; x_wconf 75' lang='lat' dir='ltr'>super</span> <span class='ocrx_word' id='word_1_323' title='bbox 1848 2977 1992 3027; x_wconf 79' lang='lat' dir='ltr'>basim</span> <span class='ocrx_word' id='word_1_324' title='bbox 2010 2984 2057 3028; x_wconf 89' lang='lat' dir='ltr'><strong>H</strong></span> <span class='ocrx_word' id='word_1_325' title='bbox 2071 2982 2135 3038; x_wconf 90' lang='lat' dir='ltr'>K,</span> <span class='ocrx_word' id='word_1_326' title='bbox 2154 2979 2307 3027; x_wconf 88' lang='lat' dir='ltr'>videa-</span> 
     </span>
     <span class='ocr_line' id='line_1_39' title="bbox 635 3048 2307 3121; baseline -0.003 -22"><span class='ocrx_word' id='word_1_327' title='bbox 635 3070 706 3099; x_wconf 89' lang='lat' dir='ltr'>tur</span> <span class='ocrx_word' id='word_1_328' title='bbox 724 3052 956 3101; x_wconf 88' lang='lat' dir='ltr'>horizonti</span> <span class='ocrx_word' id='word_1_329' title='bbox 973 3050 1635 3121; x_wconf 83' lang='lat' dir='ltr'>perpendiculariterinsistere.</span> <span class='ocrx_word' id='word_1_330' title='bbox 1668 3048 1744 3098; x_wconf 90' lang='lat' dir='ltr'>Ad</span> <span class='ocrx_word' id='word_1_331' title='bbox 1765 3048 1856 3097; x_wconf 92' lang='lat' dir='ltr'>hoc</span> <span class='ocrx_word' id='word_1_332' title='bbox 1873 3065 2028 3096; x_wconf 91' lang='lat' dir='ltr'>autem</span> <span class='ocrx_word' id='word_1_333' title='bbox 2056 3052 2204 3116; x_wconf 86' lang='lat' dir='ltr'>primo</span> <span class='ocrx_word' id='word_1_334' title='bbox 2226 3065 2307 3095; x_wconf 90' lang='lat' dir='ltr'>ne-</span> 
     </span>
     <span class='ocr_line' id='line_1_40' title="bbox 634 3116 2307 3180; baseline -0.004 -10"><span class='ocrx_word' id='word_1_335' title='bbox 634 3120 869 3170; x_wconf 78' lang='lat' dir='ltr'>cessarium</span> <span class='ocrx_word' id='word_1_336' title='bbox 910 3121 976 3169; x_wconf 88' lang='lat' dir='ltr'>est</span> <span class='ocrx_word' id='word_1_337' title='bbox 1018 3125 1190 3169; x_wconf 86' lang='lat' dir='ltr'>vitrei-</span> <span class='ocrx_word' id='word_1_338' title='bbox 1219 3116 1364 3177; x_wconf 79' lang='lat' dir='ltr'>basim</span> <span class='ocrx_word' id='word_1_339' title='bbox 1398 3121 1590 3176; x_wconf 84' lang='lat' dir='ltr'>statuere</span> <span class='ocrx_word' id='word_1_340' title='bbox 1613 3117 1685 3177; x_wconf 39' lang='lat' dir='ltr'>,ad</span> <span class='ocrx_word' id='word_1_341' title='bbox 1717 3116 2154 3173; x_wconf 56' lang='lat' dir='ltr'>arbitriumdineam</span> <span class='ocrx_word' id='word_1_342' title='bbox 2176 3121 2307 3180; x_wconf 63' lang='lat' dir='ltr'>D‘Cg„</span> 
     </span>
     <span class='ocr_line' id='line_1_41' title="bbox 633 3184 2307 3256; baseline -0.003 -19"><span class='ocrx_word' id='word_1_343' title='bbox 633 3188 705 3237; x_wconf 92' lang='lat' dir='ltr'>vel</span> <span class='ocrx_word' id='word_1_344' title='bbox 731 3189 949 3252; x_wconf 85' lang='lat' dir='ltr'>aliam,vt</span> <span class='ocrx_word' id='word_1_345' title='bbox 964 3189 1133 3239; x_wconf 86' lang='lat' dir='ltr'>lineam</span> <span class='ocrx_word' id='word_1_346' title='bbox 1152 3191 1251 3238; x_wconf 89' lang='lat' dir='ltr'>LM</span> <span class='ocrx_word' id='word_1_347' title='bbox 1266 3229 1279 3249; x_wconf 93' lang='lat'>,</span> <span class='ocrx_word' id='word_1_348' title='bbox 1299 3189 1547 3256; x_wconf 89' lang='lat' dir='ltr'>eidemque</span> <span class='ocrx_word' id='word_1_349' title='bbox 1572 3185 1835 3256; x_wconf 85' lang='lat' dir='ltr'>parallelam</span> <span class='ocrx_word' id='word_1_350' title='bbox 1859 3184 2307 3245; x_wconf 76' lang='lat' dir='ltr'>lineamhorizonta-</span> 
     </span>
     <span class='ocr_line' id='line_1_42' title="bbox 636 3247 2309 3328; baseline -0.001 -24"><span class='ocrx_word' id='word_1_351' title='bbox 636 3255 727 3304; x_wconf 88' lang='lat' dir='ltr'>lem</span> <span class='ocrx_word' id='word_1_352' title='bbox 747 3263 826 3307; x_wconf 85' lang='lat' dir='ltr'>FG</span> <span class='ocrx_word' id='word_1_353' title='bbox 838 3277 962 3328; x_wconf 88' lang='lat' dir='ltr'>,quae</span> <span class='ocrx_word' id='word_1_354' title='bbox 980 3254 1172 3309; x_wconf 82' lang='lat' dir='ltr'>transeat</span> <span class='ocrx_word' id='word_1_355' title='bbox 1184 3276 1272 3325; x_wconf 41' lang='lat' dir='ltr'>:per</span> <span class='ocrx_word' id='word_1_356' title='bbox 1289 3261 1324 3305; x_wconf 88' lang='lat' dir='ltr'><strong>E</strong></span> <span class='ocrx_word' id='word_1_357' title='bbox 1344 3259 1573 3326; x_wconf 52' lang='lat' dir='ltr'>puncium</span> <span class='ocrx_word' id='word_1_358' title='bbox 1593 3253 2009 3324; x_wconf 68' lang='lat' dir='ltr'>principale„quod</span> <span class='ocrx_word' id='word_1_359' title='bbox 2024 3247 2309 3322; x_wconf 65' lang='lat' dir='ltr'>quidenihic</span> 
     </span>
     <span class='ocr_line' id='line_1_43' title="bbox 637 3317 2307 3397; baseline -0.001 -25"><span class='ocrx_word' id='word_1_360' title='bbox 637 3324 853 3377; x_wconf 85' lang='lat' dir='ltr'>statuetur</span> <span class='ocrx_word' id='word_1_361' title='bbox 871 3347 924 3377; x_wconf 88' lang='lat' dir='ltr'>ex</span> <span class='ocrx_word' id='word_1_362' title='bbox 944 3323 1256 3397; x_wconf 81' lang='lat' dir='ltr'>suppositione</span> <span class='ocrx_word' id='word_1_363' title='bbox 1277 3326 1514 3394; x_wconf 68' lang='lat' dir='ltr'>quodaxis</span> <span class='ocrx_word' id='word_1_364' title='bbox 1532 3323 1968 3394; x_wconf 58' lang='lat' dir='ltr'>&#39;pyramidisopticae</span> <span class='ocrx_word' id='word_1_365' title='bbox 1986 3334 2141 3388; x_wconf 0' lang='lat' dir='ltr'>tortam</span> <span class='ocrx_word' id='word_1_366' title='bbox 2158 3317 2307 3389; x_wconf 67' lang='lat' dir='ltr'>stiper-</span> 
     </span>
    </p>
   </div>
  </div>
 </body>
</html>
