2498 3898
628 198 892 248 LIBER
964 196 1319 248 PRIMVS,
1752 207 1808 255 27

214 268 275 312 At
296 267 405 317 verr}
428 282 566 334 quam
593 265 796 313 tradituri
815 261 957 313 sumus
978 302 990 319 ,
1013 268 1222 332 quamuis
1248 281 1346 312 non
1371 262 1485 311 adeo
1509 259 1641 311 facile
1662 270 1822 313 conci-

147 336 331 400 piantur
359 334 473 382 illius
503 337 697 381 rationes
727 344 769 383 &
794 333 1094 382 fundamenta
1114 372 1125 388 ,
1164 334 1220 381 ad
1244 336 1416 399 praxim
1445 348 1596 380 tamen
1613 349 1821 380 accomo-

150 403 441 462 datiffimam,
463 401 797 461 exaerissimam,
818 405 1051 472 longeque
1073 399 1331 450 facillimam
1349 404 1618 459 inuenimus,
1635 398 1821 448 consen-

149 473 367 521 tientibus
390 470 632 520 nobiscum
662 474 794 519 etiam
822 476 873 519 iis
905 475 984 540 qui
1013 467 1242 540 Vtriusque
1269 473 1585 540 cognitionem
1619 478 1662 518 ὃς
1691 464 1818 517 vsum

146 540 363 600 habuere,
381 541 635 589 Sebastiano
657 538 797 586 Serlio
814 543 893 609 qui
910 558 1008 587 eam
1034 537 1231 587 secundo
1254 540 1575 586 Architesturae
1594 535 1675 586 suae
1693 536 1813 586 libro

145 609 205 658 illi
223 610 349 659 alteri
370 610 565 678 praestare
584 607 751 663 affetu,
773 612 816 656 P.
842 610 1026 678 Ignatio
1053 613 1205 656 Dante
1228 604 1518 674 Perspestiuae
1541 609 1716 655 Barocii
1738 609 1817 653 co-

147 695 404 729 mentatore
429 680 506 746 qui
525 680 574 724 in
590 676 792 746 prologo
820 694 956 745 quem
987 674 1186 725 secundae
1209 676 1372 745 regulae
1393 672 1581 743 praefixit
1620 687 1633 735 (
1656 675 1812 724 eadem

147 749 208 797 est
228 747 384 817 quoad
399 745 565 814 figuras
582 745 735 813 planas
751 762 888 814 quam
908 764 991 794 nos
1005 747 1076 794 hic
1093 745 1333 810 tradimus)
1354 741 1488 792 refert
1510 744 1716 793 eumdem
1739 747 1817 792 Ba-

147 815 589 885 rocium‚postquam
609 811 748 882 ipsam
760 815 893 863 semel
915 814 1152 863 adinuenit
1172 851 1184 873 ‚
1203 812 1380 861 alterius
1399 807 1528 859 vsum
1549 808 1723 880 prorsus
1743 830 1819 859 ne-

147 883 324 954 glexiffe
340 922 353 943 ‚
378 887 547 954 quippe
568 900 710 953 quam
739 887 873 932 nimis
898 884 1106 952 longam,
1128 898 1180 931 vt
1203 884 1293 929 iam
1316 880 1525 939 diximus,
1547 880 1814 951 implicitam

148 963 194 1003 ἅτ
214 955 366 1004 multis
387 952 605 1001 erroribus
624 954 878 999 obnoxiam
901 949 985 999 effe
1005 948 1217 999 censeret.

216 1026 368 1072 Huius
393 1026 530 1092 igitur
551 1023 769 1088 principia
790 1059 801 1081 ,
826 1023 1049 1078 rationes,
1081 1017 1381 1069 fundamenta
1400 1028 1442 1067 δε
1462 1016 1813 1068 demonstratio-

146 1110 226 1141 nes
251 1101 295 1141 &
318 1106 600 1161 quaecunque
630 1090 688 1138 ad
715 1089 958 1159 figurarum
991 1088 1229 1156 planarum
1261 1088 1549 1158 prospectum
1574 1088 1812 1136 delinean-

147 1162 258 1208 dum
276 1156 508 1208 neeeffaria
538 1162 745 1206 continet
767 1198 780 1217 ,
802 1158 994 1206 breuiter
1019 1157 1247 1206 ‘trademus
1266 1196 1280 1217 ,
1305 1175 1356 1207 vt
1386 1154 1558 1206 facilius
1578 1157 1739 1206 deinde
1756 1156 1814 1205 ad

146 1229 382 1278 excitanda
404 1226 598 1297 &figuris
613 1227 756 1293 planis
782 1244 972 1294 corpora
993 1227 1183 1297 gradum
1205 1223 1420 1276 faciamus
1451 1235 1495 1274 &
1519 1225 1815 1275 vniuersalem

145 1297 413 1367 affignemus
423 1295 800 1365 methodum‚qua
814 1295 1070 1344 huiussnodi
1080 1292 1239 1353 solida,
1251 1312 1529 1365 quocunque
1541 1298 1590 1344 in
1607 1291 1691 1343 situ
1706 1291 1817 1362 pos-

77 1392 80 1395 ⁴
145 1366 300 1414 fintad
311 1362 601 1434 prosperitum
612 1365 965 1422 accommodari,
989 1363 1160 1412 etiamsi
1181 1361 1430 1413 subied'rum
1443 1365 1630 1433 planum
1652 1367 1699 1412 in
1723 1362 1816 1411 sola

145 1436 261 1483 linea
282 1434 353 1483 vel
374 1440 506 1483 etiam
526 1437 574 1481 in
594 1438 771 1503 pundo
792 1436 1037 1503 attingant3
1054 1430 1128 1480 sed
1146 1438 1365 1502 imprimis
1378 1431 1524 1482 sermo
1536 1433 1671 1483 nobis
1690 1433 1814 1483 insti-

149 1503 341 1552 tuendus
362 1504 433 1553 est.

518 1642 621 1691 DE
664 1643 919 1692 LINEIS
968 1646 1059 1692 ET
1114 1638 1462 1704 PVNCTIS,

1202 1750 1219 1770 0

489 1781 648 1849 Quibus
668 1787 708 1831 in
726 1782 799 1831 hac
815 1782 1069 1856 Perspecsliuae
1086 1781 1257 1832 methodo
1275 1787 1436 1833 vtimur.

170 1914 173 1916 ’
261 1922 478 1987 Raecipuae
500 1921 626 1969 lineae
650 1917 753 1969 sunt
779 1918 898 1967 linea
928 1934 1068 1970 terrea
1088 1959 1102 1981 ‚
1133 1916 1206 1969 seu
1236 1919 1355 1969 linea
1377 1919 1516 1980 basis,
1537 1921 1654 1971 linea
1682 1924 1814 1973 hori⁴

257 1990 477 2047 zontalis,
499 1987 623 2037 lineae
641 1989 826 2037 radiales
861 1996 905 2036 ὃς
927 1989 1056 2037 lineae
1080 1990 1342 2059 diagonales
1368 1988 1442 2038 seu
1460 1981 1753 2041 dia'metrales.

213 2059 363 2127 Qm
372 2075 456 2106 nos
474 2076 690 2106 vocamus
703 2058 883 2106 lineam·
893 2055 1004 2106 basis
1024 2056 1095 2106 seu
1115 2058 1495 2108 lineam-terream
1508 2097 1521 2118 ‚
1539 2061 1816 2116 Italilineam

144 2126 327 2195 planam
345 2127 490 2197 vulgo
509 2129 748 2199 linea-piam
769 2126 843 2176 vel
865 2127 967 2176 linea
984 2129 1075 2176 dello
1080 2131 1246 2199 spazzo
1264 2165 1278 2182 ,
1296 2129 1411 2177 nihil
1439 2128 1560 2177 aliud
1591 2130 1651 2177 est
1673 2126 1815 2200 quam

144 2212 243 2263 pars
263 2200 465 2244 anterior
487 2194 601 2245 basis
624 2198 750 2265 plani
776 2200 823 2243 in
848 2213 947 2264 quo
969 2195 1204 2246 obieetum
1233 2198 1426 2265 aliquod
1447 2198 1504 2245 ad
1525 2197 1816 2266 prospectum

144 2263 353 2312 volumus
373 2261 632 2334 designare,
656 2264 845 2332 exempli
867 2263 1037 2334 gratia,
1061 2269 1109 2313 in
1131 2265 1286 2314 rabula
1305 2268 1457 2335 aliqua
1476 2267 1678 2334 depicta,
1698 2269 1816 2315 linea

146 2349 286 2380 terrea
306 2332 468 2381 dicitur
488 2329 599 2382 basis
632 2330 702 2381 seu
731 2350 831 2401 pars
856 2330 1046 2382 inferior
1075 2335 1268 2383 eiusdem
1298 2335 1458 2384 tabulae
1490 2334 1564 2383 seu
1602 2334 1815 2384 seetionis

145 2418 284 2469 quam
302 2399 494 2451 diximus
515 2401 596 2451 esse
615 2403 805 2471 planum
824 2402 1012 2472 aliquod
1031 2404 1461 2473 perpendiculariter
1479 2403 1680 2452 insistens
1700 2422 1811 2472 prae-

145 2468 428 2529 distaelineae‚
492 2490 555 2521 uae
579 2481 623 2521 δε
644 2469 914 2521 vitrei-basis
935 2472 1119 2532 dicitur,
1139 2475 1290 2540 estque
1309 2472 1440 2541 ipsius
1465 2472 1624 2521 tabulae
1653 2482 1698 2522 δε
1732 2491 1815 2536 pa-

145 2542 337 2587 uimenti
357 2537 428 2588 seu
447 2489 573 2609 {ilani
596 2541 896 2589 horizontalis
924 2545 1181 2590 communis
1201 2541 1337 2591 festio
1356 2581 1368 2602 ‚
1391 2541 1584 2610 ideoque
1615 2552 1656 2591 ὃς
1686 2559 1814 2589 ωηιν

145 2611 292 2655 munis
309 2605 390 2676 ipsi
411 2610 550 2677 plano
576 2611 871 2659 Geometrico
894 2619 938 2660 &
962 2607 1263 2679 PerspecstiUO.

219 2675 407 2724 Planum
430 2682 771 2727 Geometricum
790 2680 920 2748 quod
940 2682 988 2727 in
1006 2680 1090 2728 hac
1114 2680 1339 2728 methodo
1362 2678 1441 2730 sub
1469 2677 1712 2730 vitrei-basi
1741 2679 1815 2729 seu

146 2744 263 2791 linea
292 2759 429 2793 terrea
451 2748 783 2805 constituimus,
803 2748 988 2796 dicimus
1008 2749 1119 2797 illud
1142 2753 1190 2797 in
1215 2767 1311 2819 quo
1329 2749 1479 2820 figurae
1497 2749 1816 2817 planaedescri-

149 2812 319 2861 buntur
342 2815 628 2864 Geometrice
649 2825 693 2864 &
717 2812 886 2885 absque
905 2817 1055 2886 aliqua
1081 2815 1375 2885 perspee'riua,
1391 2818 1525 2889 quale
1552 2819 1611 2867 est
1638 2823 1685 2879 in
1710 2823 1809 2867 ΙΙΙ,

148 2881 493 2950 diagrammate,
509 2884 629 2933 Tab.
652 2905 686 2946 3.
709 2882 894 2951 planum
918 2882 999 2933 sub
1025 2886 1144 2934 linea
1177 2890 1279 2935 GH
1294 2924 1307 2945 ,
1328 2893 1374 2936 in
1408 2905 1501 2958 quo
1524 2887 1811 2937 Geometrice

148 2949 415 3018 descriptum
434 2953 608 3003 videtur
629 2952 903 3022 triangulum
920 2954 1223 3024 aequilaterum
1244 2957 1282 3003 A
1298 2959 1327 3004 B
1341 2962 1396 3007 C.

226 3022 295 3067 Vt
313 3036 464 3070 autem
483 3020 698 3072 eiusmodi
720 3025 907 3089 planum
929 3021 1067 3072 ferme
1085 3021 1257 3091 semper
1279 3023 1543 3093 supponitur
1562 3026 1676 3074 vltra
1688 3024 1811 3073 tabu-f

147 3087 236 3135 lam
259 3085 333 3135 seu
352 3086 596 3141 sectionem
618 3092 1007 3147 conl’titutum,fic
1026 3110 1074 3141 in
1091 3088 1329 3161 proposito
1357 3096 1685 3166 diagrammate
1709 3098 1803 3142 ΙΙΙ,

181 3153 432 3224 etspectiuae
451 3158 690 3210 artificialis
708 3159 927 3209 referente
955 3161 1298 3229 dispositionem
1324 3160 1557 3211 schematis
1590 3181 1638 3222 32
1671 3164 1717 3208 in
1740 3177 1811 3211 ta—

146 3175 253 3274 gula
264 3225 765 3296 praecedenti,supponit
776 3246 860 3296 pro
870 3228 983 3278 illius
996 3231 1134 3297 plano
1146 3236 1182 3280 A
1199 3234 1340 3281 MLD
1355 3231 1524 3280 realiter
1534 3229 1649 3280 vltra
1658 3226 1810 3278 scetio-

147 3309 255 3343 nem
267 3296 434 3347 IKLM
458 3297 710 3347 constituto
721 3304 769 3348 in
781 3314 877 3369 quo
889 3293 1085 3349 {imiliter
1096 3299 1370 3369 triangulum
1385 3299 1684 3369 aequilaterum
1695 3303 1811 3353 EFR

1522 3371 1638 3433 Dij
