2498 3898
343 206 892 262 PRAELVDIVM
953 203 1648 251 GEOMETRICVM
1785 204 1822 262 ig

166 279 356 330 notibus
374 276 560 327 arcubus
571 272 902 324 subtendantur
915 271 1099 320 :deinde
1111 290 1160 318 ex
1172 267 1557 321 istainscribcntur
1567 269 1658 317 aliae
1677 290 1698 315 ι,
1710 280 1826 333 8,56,

173 366 240 398 112
253 348 441 408 laterum
464 355 509 395 δε
536 345 595 393 fic
615 348 663 392 in
683 342 930 392 infinitum.

560 481 1010 535 APPENDIX
1056 479 1418 530 ALTERA„

201 629 273 676 De
288 626 606 698 inscribendisper
623 622 749 670 circuli
765 620 1016 689 quadrantem
1033 620 1234 686 cuicunque
1250 614 1339 662 dato
1359 617 1490 664 circulo
1506 621 1627 664 omnis
1641 622 1794 693 generis

649 692 843 762 polygonis
852 690 1069 760 seufiguris
1089 687 1340 735 multilatert's.

297 833 375 880 Tfi
393 832 623 881 videamur
642 829 696 877 de
717 827 961 898 polygonis
981 826 1055 876 seu
1072 822 1355 874 multilateris*
1376 821 1531 892 figuris
1560 823 1725 874 circulo
1755 828 1831 873 iri-

168 833 536 971 Escribendis
555 899 735 949 abunde
757 895 855 945 satis
874 896 930 944 ad
941 893 1227 963 propositum
1239 893 1439 959 nostrum
1454 892 1711 949 disseruisse,
1725 899 1834 964 quia

171 990 324 1022 tamen
343 968 514 1020 summe
531 966 763 1017 neceffaria
791 975 835 1015 &
857 967 1055 1013 maximo
1076 961 1226 1013 futura
1245 962 1303 1011 est
1325 957 1422 1012 vsui
1449 965 1498 1010 in
1524 962 1833 1031 sequentibus,

170 1041 411 1111 praescrtim
430 1057 531 1089 cum
548 1037 604 1086 de
613 1035 762 1085 solidis
777 1052 957 1105 agemus
974 1028 1722 1100 ,haruminscripti0,voluimusin
1734 1051 1835 1103 gra*

168 1117 279 1161 tiam
301 1106 602 1158 studiosorum
620 1115 665 1156 ὃς
689 1104 985 1173 appendicem
1009 1102 1125 1152 hanc
1138 1102 1323 1151 alteram
1344 1101 1417 1149 seu
1429 1103 1702 1151 methodum
1720 1102 1835 1173 ipsas

170 1177 449 1229 inscribendi
467 1195 546 1245 per
565 1176 866 1245 quadrantem
888 1173 1037 1222 circuli
1056 1210 1068 1230 ‚
1093 1171 1222 1242 quod
1245 1170 1704 1221 instrumentum-fere
1729 1193 1834 1222 om-

172 1249 306 1298 nibus
325 1250 405 1317 qui
426 1244 655 1296 versantur
674 1250 721 1293 in
740 1243 1081 1295 Mathematicis
1106 1242 1165 1289 est
1183 1240 1241 1289 ad
1264 1258 1473 1298 manum,
1499 1261 1550 1290 ex
1575 1242 1741 1292 Clanio
1754 1247 1836 1312 qui

173 1337 269 1366 eam
289 1316 481 1365 declarat
499 1315 553 1363 ad
573 1311 938 1383 propositionem
957 1313 1165 1360 vltimam
1188 1332 1233 1370 4.
1259 1312 1394 1359 Elem.
1425 1328 1686 1379 proponere
1707 1350 1719 1371 ,
1743 1330 1839 1361 ma-

171 1387 289 1435 xime
314 1404 414 1434 cum
434 1382 694 1434 facilitatem
711 1383 958 1452 quamdam
971 1391 1016 1431 δε
1031 1378 1322 1430 vniuersalem
1344 1382 1635 1443 infiomnibus
1644 1381 1837 1431 modum

171 1451 447 1523 praeseferat,
464 1454 523 1502 est
540 1468 691 1501 autem
711 1450 983 1500 huiusmodi.

247 1528 311 1572 Sit
331 1542 373 1572 v.
393 1544 436 1594 g„
455 1518 790 1571 inscribendum
807 1520 971 1572 circulo
991 1521 1326 1589 diagrammatis
1350 1537 1405 1579 27
1424 1525 1758 1590 Enneagonum
1777 1521 1840 1570 κζ

174 1594 445 1662 quilaterum
468 1601 512 1640 &
534 1588 869 1658 aequiangulum
891 1586 963 1636 seu
982 1587 1128 1657 figura
1156 1606 1326 1636 nouem
1354 1588 1538 1637 laterum
1573 1600 1616 1637 &
1640 1591 1837 1659 angulo-

173 1680 272 1710 rum
297 1661 535 1728 :equalium
553 1657 781 1707 :sumatur
798 1655 949 1724 primo
971 1656 1088 1706 illius
1109 1656 1335 1726 quadrans
1359 1659 1494 1707 ABC
1519 1657 1590 1706 vel
1600 1657 1708 1705 alius
1719 1657 1839 1707 seor-

173 1727 256 1780 sim
278 1730 519 1798 descriptus
539 1726 702 1776 codem
729 1726 971 1777 interuallo
991 1723 1306 1784 semidiametri
1326 1732 1363 1778 A
1378 1730 1432 1781 B,
1453 1726 1773 1797 diuidaturque
1788 1731 1840 1775 in

173 1818 339 1849 nouem
357 1814 503 1868 partes
523 1797 713 1866 aequales
734 1799 779 1844 in
803 1812 876 1844 tot
893 1796 1127 1855 videlicet,
1154 1814 1273 1866 quot
1293 1797 1430 1846 latera
1449 1815 1504 1845 an
1511 1796 1700 1867 gulosue
1714 1796 1841 1870 figu-

176 1885 225 1916 ra
247 1867 533 1917 inscribenda
553 1868 774 1915 continet.
794 1865 1019 1916 secabitur
1041 1882 1193 1916 autem
1216 1867 1441 1935 quadrans
1463 1870 1492 1914 B
1509 1873 1549 1916 C
1567 1871 1614 1914 in
1632 1864 1840 1939 proposi-

178 1939 412 2005 tas'partes
432 1935 625 2006 aequales
645 1932 718 1983 vel
738 1953 789 1982 ex
812 1938 864 1983 iis
887 1953 987 2005 quae
1006 1931 1200 2002 superius
1220 1936 1417 1984 diximus
1438 1938 1486 1984 in
1504 1937 1644 2005 priori
1660 1954 1840 2005 appen»

178 2007 298 2064 dice,
320 2007 391 2056 vel
408 2008 543 2074 opera
564 2004 847 2053 instrumenti
863 2008 1058 2072 partium
1081 2003 1152 2054 vel
1172 2004 1538 2054 etiambeneficio
1551 2009 1841 2055 circinicom-

176 2079 324 2124 munis
342 2074 583 2123 dilatando
607 2076 697 2122 eius
717 2091 840 2123 crura
867 2073 1010 2122 modo
1031 2077 1198 2143 magis,
1219 2073 1364 2123 modo
1385 2077 1536 2123 minus
1554 2076 1702 2124 donec
1715 2094 1841 2144 repe·-

177 2149 258 2192 rias
279 2163 433 2193 eorum
450 2144 707 2193 distantiam
726 2146 881 2211 partiti
904 2144 1205 2213 quadrantem
1216 2147 1266 2191 in
1286 2160 1431 2211 partes
1449 2161 1630 2217 optatas
1644 2142 1842 2195 :facilius

177 2219 300 2261 enim
320 2214 544 2283 quadrans
560 2218 608 2261 in
631 2215 814 2281 quotuis
837 2211 1025 2281 :equales
1047 2211 1270 2261 diuiditur
1289 2230 1459 2280 partes,
1481 2232 1621 2284 quarn
1642 2230 1740 2263 tota
1752 2218 1842 2262 cir·-

181 2280 500 2337 cumferentia,
519 2279 648 2352 quod
665 2276 813 2347 saepius
833 2281 1107 2330 attentando
1137 2292 1181 2332 ὃς
1206 2282 1331 2350 quasi
1349 2286 1598 2351 repetendo
1621 2301 1739 2353 opus
1756 2283 1844 2331 clau¹

181 2354 267 2398 rius
288 2367 523 2419 appareat,
544 2359 592 2399 in
614 2352 749 2418 parua
767 2355 1025 2420 quantitate
1044 2351 1239 2420 quamin
1249 2355 1440 2422 magna,
1455 2370 1679 2422 quantum
1692 2354 1845 2402 detra*

180 2420 229 2467 hi
247 2419 316 2467 vel
334 2420 441 2469 addi
463 2417 626 2469 debeat
646 2423 760 2488 parti
778 2427 860 2468 vni
878 2418 1098 2470 beneficio
1133 2423 1286 2470 circini
1311 2437 1499 2489 accepta:
1528 2424 1561 2471 fi
1592 2441 1641 2471 ea
1668 2437 1844 2490 partem

180 2480 471 2565 desideratam
491 2507 589 2537 non
609 2490 789 2539 offerat:
805 2485 927 2538 scoto
948 2491 1266 2559 quadrantem
1287 2509 1458 2539 nouem
1474 2509 1619 2560 partes
1639 2491 1844 2561 aequale5‚

182 2557 251 2605 vel
271 2563 317 2606 in
337 2558 479 2625 plures
506 2554 538 2606 fi
559 2559 703 2628 figura
719 2558 913 2622 plurium
935 2560 1120 2609 laterum
1149 2557 1419 2608 desideretur
1435 2599 1448 2616 ‚
1473 2566 1556 2609 erit
1584 2564 1704 2609 recta
1726 2559 1844 2609 linea

186 2629 215 2673 B
232 2633 274 2674 D
297 2645 391 2697 quae
414 2644 611 2697 quatuor
633 2624 847 2676 eiusmodi
864 2645 1010 2696 partes
1025 2625 1256 2679 subtendit
1291 2626 1845 2701 latus,figuraeinscriben-

186 2695 250 2741 dee
272 2717 281 2743 :
304 2693 468 2743 diuisus
487 2713 636 2744 autem
654 2696 726 2746 hic
747 2697 807 2746 est
827 2699 975 2747 circuli
992 2699 1234 2768 quadrans⁸
1256 2702 1306 2747 in
1327 2718 1492 2748 nouem
1519 2717 1663 2768 partes
1694 2715 1845 2768 aequa-

186 2762 244 2810 les
258 2802 270 2821 ,
282 2767 389 2833 quia
408 2761 741 2814 inscribendum
761 2773 1036 2835 proponitur
1047 2773 1379 2837 Enneag'onum
1392 2768 1699 2840 aequilaterum
1712 2805 1724 2826 ,
1738 2785 1845 2837 qua-

185 2846 371 2899 propter
396 2834 512 2881 linea
535 2837 654 2882 red’ta
673 2837 760 2883 BD
784 2851 987 2905 quatuor
1008 2836 1228 2886 eiusmodi
1254 2839 1454 2904 partibus
1481 2836 1709 2895 subtensa‚
1729 2837 1843 2885 latus
1880 2851 1882 2854 ·

187 2900 245 2948 est
267 2902 465 2968 praedicti
484 2905 759 2973 Enneagoni
780 2905 1027 2974 aequilateri
1057 2915 1101 2955 δε
1127 2908 1426 2976 aequianguli,
1456 2925 1505 2958 vt
1530 2908 1681 2956 videre
1705 2906 1763 2953 est
1793 2911 1841 2953 in

186 2970 402 3036 praedicto
425 2971 754 3041 diagrammate
781 2984 824 3023 &
846 2991 972 3042 patet
995 2995 1047 3022 ex
1070 2974 1455 3026 demonstratione
1474 3000 1484 3026 ;
1507 2980 1628 3044 Quia
1651 2978 1769 3024 enim
1792 2978 1842 3021 in

188 3055 285 3086 tota
310 3036 665 3090 circumferentia
687 3037 844 3110 quate'r
863 3058 936 3091 tot
955 3061 1101 3112 partes
1122 3043 1310 3114 :equales
1332 3049 1713 3105 continentur‚in
1760 3059 1843 3090 uot

186 3107 411 3176 quadrans
437 3106 600 3157 diuisus
618 3111 698 3170 est,
717 3112 1028 3161 continebitur
1051 3126 1349 3183 aggregatum
1368 3134 1418 3162 ex
1444 3132 1642 3185 quatuor
1664 3117 1731 3161 eiu
1755 3130 1849 3160 moss

188 3178 235 3224 di
255 3177 454 3245 partibus
475 3181 609 3226 toties
627 3183 674 3226 in
697 3196 795 3229 tota
816 3179 1192 3240 circumferentia,
1218 3188 1396 3251 quoties
1416 3202 1505 3233 vna
1530 3201 1627 3250 pars
1649 3186 1696 3229 in
1727 3193 1845 3251 qua⁶

190 3245 372 3303 drame,
397 3248 502 3315 quia
525 3264 624 3314 pars
646 3250 860 3317 quaelibet
879 3268 976 3297 cum
996 3252 1090 3298 aliis
1112 3252 1253 3299 tribus
1275 3271 1464 3323 quarum
1485 3251 1670 3321 fingulae
1691 3254 1738 3298 in
1757 3251 1848 3300 sin·

191 3314 306 3382 gulis
328 3314 420 3362 aliis
451 3313 591 3364 tribus
611 3317 940 3386 quadrantibus
961 3323 1238 3388 accipiantur
1256 3359 1269 3380 ‚
1306 3323 1436 3372 efficit
1469 3336 1767 3389 aggregatum
1798 3340 1848 3369 cx

1538 3392 1568 3435 Β
1619 3394 1664 3454 iij
