2498 3898
615 258 682 297 ¹34
933 231 1597 280 THAVMATVRGI
1667 226 1971 277 OPTICK
2316 282 2319 285 ἱ

619 322 694 371 pta
715 320 1046 371 proponeretur
1065 307 1220 369 imago
1237 300 1410 368 aliqua,
1428 310 1471 348 &
1493 300 1608 347 illius
1636 317 1782 366 partes
1811 294 2068 346 minoribus
2097 292 2289 362 quadra-

617 377 671 420 tis
695 368 912 439 inscriptae
943 368 1345 437 proportionaliter
1371 365 1720 416 transferrentur
1738 407 1751 427 ,
1777 363 1932 435 (quasi
1957 363 2095 414 velles
2122 364 2291 410 dietam
2369 361 2375 368 ⁶

617 445 894 508 imaginem,
923 455 1016 485 arte
1048 436 1299 506 pictoribus
1327 452 1423 484 non
1453 439 1717 506 incognita,
1747 436 1805 484 ad
1831 441 2061 483 minorem
2090 429 2290 482 formam

616 496 886 558 contrahere
903 525 980 554 aut
1007 510 1054 553 in
1079 506 1350 574 ampliorem
1379 506 1622 565 diducere)
1645 511 1692 553 in
1723 509 1920 572 trapezia
1942 501 2034 551 siue
2060 502 2288 572 quadran-

617 578 722 645 gula
744 576 980 624 schematis
1007 579 1046 621 X
1062 578 1153 621 XX
1166 580 1245 624 IV.
1268 593 1344 623 aut
1374 576 1416 619 X
1432 577 1472 620 X
1490 579 1525 619 X
1540 580 1593 623 V.
1619 594 1718 644 qua>
1745 574 1955 642 praedicta
1975 573 2196 641 quadrata
2221 587 2289 619 re-

616 634 918 715 praesentant,
948 641 1169 713 descripta
1204 650 1250 691 in
1276 644 1365 691 istis
1402 649 1608 711 trapeziis
1645 642 1717 692 seu
1753 640 2080 711 quadrangulis
2110 644 2282 709 imago,

616 711 790 763 etiamsi
811 709 1029 760 deformis
1051 713 1224 762 directo
1245 711 1427 780 aspectu
1457 724 1500 761 &
1523 715 1813 761 Geometrice
1843 709 2044 760 multum
2072 705 2289 757 disfimilis

615 799 870 852 prototypae
891 801 901 833 3
925 786 1009 830 erit
1027 799 1182 830 tamen
1201 782 1350 830 cidem
1371 781 1523 849 optice
1547 780 1705 848 similis
1719 823 1732 842 ,
1756 791 1799 830 ὃς
1822 782 1841 826 ἐ
1862 785 2035 848 puncto
2064 784 2120 833 R,
2144 777 2288 827 altitu.

615 853 722 901 dine
745 852 776 897 P
793 856 857 905 R,
875 847 1005 919 super
1024 855 1246 919 pune‘tum
1274 857 1330 911 Ρ,
1349 851 1406 899 ad
1428 849 1622 917 angulos
1649 854 1796 900 rectos
1820 847 2070 909 insistente,
2091 846 2289 917 obliquo

615 919 797 989 aspecitu
817 924 980 968 intuita
998 918 1215 969 omnibus
1235 924 1434 969 numeris
1462 917 1669 969 absoluta
1685 962 1697 981 ,
1718 929 1761 969 ὅ(
1789 936 1917 988 aeque
1946 917 2066 967 bene
2096 935 2289 985 propor-

616 995 791 1039 tionata
805 987 1066 1057 apparebit,
1085 1008 1137 1038 ac
1157 1009 1209 1038 ea
1225 1009 1324 1059 quae
1349 994 1396 1037 in
1419 989 1643 1059 quadrato
1672 995 1706 1036 A
1727 992 1754 1035 B
1770 994 1808 1036 C
1822 993 1863 1036 D
1876 1029 1888 1049 ,
1910 986 2089 1036 seruatis
2108 990 2289 1054 pictura:

615 1070 661 1109 δε
681 1056 946 1124 symmetriae
971 1056 1151 1128 legibus
1176 1059 1352 1108 dii-cero
1369 1056 1549 1127 aspestu
1573 1059 1770 1107 videnda
1796 1060 2080 1127 proponitur.

687 1133 750 1176 Vt
769 1145 923 1176 autem
942 1126 1034 1176 haec
1054 1128 1288 1189 reductio,
1307 1146 1393 1177 nec
1411 1146 1508 1175 non
1535 1127 1628 1176 aliae
1653 1125 1816 1177 ssmiles
1842 1124 2067 1175 faciliores
2093 1127 2290 1175 euadant

616 1202 666 1245 iis
689 1202 770 1266 qui
790 1194 1001 1245 necdum
1018 1195 1195 1245 illarum
1217 1202 1388 1265 praxim
1406 1195 1670 1257 habuerint,
1691 1202 1929 1268 geminum
1947 1196 2068 1244 istius
2091 1197 2292 1265 paradig-

616 1285 691 1314 ma
708 1285 922 1335 propono
941 1270 987 1314 iu
1005 1264 1187 1316 Tabula
1208 1267 1414 1336 sequenti
1436 1284 1535 1334 quae
1552 1266 1615 1314 est
1637 1287 1703 1327 25,
1723 1271 1770 1314 in
1791 1283 1882 1335 qua
1904 1270 2059 1333 imago
2080 1263 2291 1332 inscripta

614 1335 840 1404 quadrato
861 1338 897 1381 A
911 1337 940 1379 Β
956 1341 992 1382 C
1007 1339 1050 1382 D
1065 1375 1077 1395 ‚
1096 1332 1334 1385 schematis
1367 1339 1410 1380 X
1425 1342 1463 1384 X
1482 1339 1524 1381 X
1537 1339 1617 1383 VI.
1650 1335 1839 1384 redu&a
1865 1339 2065 1383 cernitur
2091 1339 2137 1381 in
2160 1333 2289 1395 abed,

618 1406 956 1473 diagrammatis
987 1407 1026 1451 X
1048 1409 1086 1452 X
1106 1410 1142 1450 X
1157 1410 1266 1453 VII.
1293 1409 1354 1452 ita
1378 1423 1425 1454 vt
1452 1423 1551 1473 pars
1578 1408 1788 1473 imaginis
1813 1399 2144 1471 comprehensa
2178 1421 2291 1472 qua-

617 1473 746 1521 drato
769 1475 863 1520 AK
880 1477 987 1533 NE,
1023 1473 1361 1542 diagrammatis
1382 1471 1600 1543 trigesimi
1621 1469 1755 1533 sexti,
1772 1469 2068 1522 transferatur
2084 1476 2131 1518 in
2151 1491 2293 1540 trape-

616 1546 738 1590 zium
759 1540 815 1587 ak
829 1560 882 1587 ne
897 1576 910 1596 ,
929 1539 1148 1612 trigesimi
1165 1540 1343 1611 septimi
1362 1565 1371 1591 :
1391 1540 1451 1591 sic
1474 1561 1573 1612 quae
1592 1541 1656 1590 est
1671 1546 1718 1591 in
1747 1546 1790 1591 K
1807 1549 1835 1590 ‘u
1848 1547 1892 1591 O
1907 1547 1980 1603 N,
1998 1537 2293 1590 transferatur

615 1616 661 1658 in
687 1609 744 1660 kl
759 1633 779 1657 o
796 1630 846 1666 n,
874 1620 919 1660 &
944 1616 1006 1660 ita
1034 1611 1090 1659 de
1117 1617 1284 1660 caeteris
1321 1610 1492 1661 seruata
1517 1610 1692 1679 semper
1723 1616 2022 1680 proportione
2056 1620 2098 1659 &
2130 1608 2290 1658 habito

615 1677 822 1747 respecstu
839 1679 897 1729 ad
917 1677 1053 1729 situm
1065 1679 1411 1750 vniuscuiusque
1432 1685 1567 1750 partis
1588 1700 1597 1731 3
1621 1679 1789 1748 quibus
1809 1679 1963 1728 exao‘ff:
1985 1677 2165 1728 seruatis
2187 1699 2290 1748 pro-

615 1751 789 1798 iecstura
804 1750 1144 1818 diagrammatis
1167 1749 1385 1819 trigesimi
1407 1748 1582 1819 septimi
1604 1791 1615 1811 ,
1646 1748 1819 1798 etiamsi
1848 1754 1993 1797 iaceat
2019 1753 2066 1796 in
2092 1746 2290 1817 obliquo

616 1817 755 1886 plano
774 1860 786 1879 ,
815 1817 903 1868 visa
927 1818 1227 1868 nihilominus
1255 1820 1277 1865 e
1305 1812 1480 1887 puntsto
1508 1826 1549 1870 R
1573 1860 1584 1880 ‚
1612 1816 1815 1886 obliquis
1849 1818 1981 1867 radiis
2005 1818 2061 1866 ad
2093 1815 2290 1866 modum

616 1905 759 1955 quem
778 1886 1156 1956 significauimus,
1186 1886 1339 1937 similis
1370 1885 1546 1957 prorsus
1574 1885 1814 1956 apparebit
1841 1904 2096 1956 prototypae
2119 1883 2290 1956 figurae,

616 1973 717 2024 quae
736 1955 801 2004 est
819 1961 866 2004 in
885 1954 1119 2025 trigefimo
1144 1953 1266 2006 sexto
1285 1957 1627 2027 diagrammate.
1814 1972 1850 2009 θ.

685 2023 893 2074 Alterum
927 2024 1059 2074 huius
1085 2025 1276 2076 Tabulae
1309 2027 1573 2094 pai-adioma
1603 2027 1892 2078 differentem
1918 2031 2113 2076 omnino
2147 2025 2290 2076 habet

616 2091 982 2162 dispositionem,
1003 2092 1036 2142 si
1058 2095 1249 2164 quidem
1273 2068 1599 2144 simulachrum
1616 2098 1841 2166 quadrato
1860 2095 2098 2146 schematis
2117 2094 2290 2165 trigesi-

614 2168 680 2211 mi
697 2165 851 2212 chaui
866 2168 928 2212 ita
944 2163 1123 2212 videtur
1144 2161 1429 2233 inscriptum,
1443 2183 1488 2214 vt
1506 2163 1673 2215 debeat
1700 2165 1829 2234 supra
1846 2166 2139 2214 horizontem
2154 2164 2292 2213 collo-

615 2250 770 2281 catum
795 2231 931 2301 aspici
950 2252 960 2283 3
981 2230 1183 2282 fimiliter
1202 2239 1339 2282 etiam
1366 2244 1410 2283 ὃς
1435 2232 1608 2283 seruato
1635 2236 1802 2284 eodem
1832 2232 1920 2283 situ
1949 2230 2216 2282 transfertur
2243 2238 2292 2281 in

616 2306 871 2369 trapezium
891 2299 1130 2351 schematis
1152 2300 1368 2372 trigesimi
1395 2308 1530 2364 noni,
1548 2321 1595 2351 vt
1621 2303 1902 2372 intelligatur
1929 2301 2051 2371 posse
2077 2301 2294 2351 delineari

618 2371 895 2438 proiedturas
918 2369 1139 2419 eiusmodi
1162 2390 1258 2420 non
1289 2369 1435 2420 solum
1463 2370 1728 2440 specstandas
1757 2372 1778 2419 e
1804 2372 1943 2420 latere
1968 2377 2016 2419 in
2043 2369 2291 2441 parietibus

615 2442 817 2506 porticus
835 2439 1022 2490 alicuius
1051 2439 1289 2511 oblongae,
1308 2438 1383 2489 sed
1403 2446 1541 2489 etiam
1559 2445 1606 2488 in
1625 2441 1779 2510 aliqua
1804 2446 1922 2489 muri
1951 2436 2186 2510 superficie
2211 2445 2293 2509 qui

618 2504 746 2575 supra
762 2507 1056 2559 horizontem
1075 2509 1206 2559 altius
1226 2509 1540 2570 extolleretur,
1559 2528 1614 2556 eo
1637 2509 1772 2578 plane
1790 2510 1934 2558 modo
1955 2526 2051 2576 quo
2073 2508 2167 2556 haze
2186 2508 2293 2557 deli-

615 2592 751 2624 neata
768 2582 992 2640 cernitur,
1014 2596 1113 2647 quae
1134 2579 1323 2646 quidem
1343 2575 1545 2646 suspecla
1572 2576 1595 2624 ἐ
1625 2581 1799 2646 Ρυηᾶὶο
1820 2583 1884 2638 Y,
1907 2577 2292 2646 perpendiculari-

617 2661 685 2692 ter
712 2643 892 2694 eleuato
917 2643 1047 2716 super
1070 2649 1114 2692 X
1134 2688 1148 2707 ,
1172 2647 1413 2695 altitudine
1440 2649 1482 2692 X
1499 2650 1541 2694 Y
1557 2688 1570 2708 ,
1586 2645 1740 2695 similis
1763 2644 1937 2717 prorsus
1956 2644 2110 2716 figurae
2130 2650 2179 2694 in
2197 2647 2292 2695 dia-

616 2732 871 2781 grammate
890 2713 1124 2784 trigesimo
1147 2718 1315 2763 oolauo
1344 2715 1578 2764 delineatae
1597 2713 1838 2764 videbitur.

701 2781 889 2832 Possunt
919 2794 964 2833 δε
989 2784 1083 2834 aliae
1108 2783 1312 2834 similiter
1340 2783 1557 2832 delineari
1582 2802 1681 2854 quae
1712 2783 1922 2833 deorsum
1953 2803 2005 2833 ex
2031 2783 2125 2833 alto
2145 2782 2291 2854 despi-

617 2854 815 2912 ciantur,
835 2851 947 2901 dum
966 2858 1190 2921 punctum
1213 2853 1396 2902 oculare
1413 2854 1631 2902 statuetur
1646 2858 1695 2902 in
1723 2853 1878 2923 aliqua
1904 2850 2100 2902 fenestra
2123 2872 2223 2923 quae
2243 2859 2291 2904 in

614 2923 631 2967 i
667 2916 713 2967 so
739 2922 920 2987 pidrurae
943 2922 1080 2991 plano
1098 2925 1358 2990 reperietur.
1396 2923 1484 2972 Sed
1511 2933 1554 2972 &
1581 2921 1785 2990 apposite
1812 2923 1963 2991 potest
1987 2922 2082 2971 haec
2107 2924 2293 2973 metho-

619 2937 704 3035 ‹fus
727 2986 937 3038 adhiberi
963 2996 1009 3038 in
1034 2991 1244 3040 ornando
1275 2988 1367 3038 siue
1391 2991 1689 3060 depingendo
1716 2991 1938 3061 longioris
1965 2989 2291 3042 ambulationis

620 3053 836 3124 superiori
860 3056 1406 3128 tabulato‚proie8turam
1422 3058 1643 3107 eiusmodi
1664 3059 1763 3108 obli
1803 3079 1908 3109 uam
1927 3064 1975 3108 in
1993 3079 2049 3108 eo
2059 3059 2291 3129 perficien-

621 3124 704 3185 do,
721 3131 847 3174 cuius
869 3133 1094 3195 pundturn
1112 3124 1226 3177 visus
1246 3127 1602 3176 determinatum
1621 3128 1678 3176 ad
1697 3134 1768 3177 eiu
1790 3129 1898 3178 dem
1923 3127 2209 3178 ambulachri
2227 3134 2290 3178 ia-

622 3211 763 3241 nuam
782 3194 1069 3258 statueretur,
1090 3195 1113 3244 a
1129 3201 1398 3266 pauimento
1421 3196 1666 3245 exaltatum
1682 3196 1923 3247 altitudine
1942 3196 2143 3247 hominis
2166 3199 2286 3247 ordi-

621 3267 764 3321 naria,
781 3279 881 3331 quae
899 3262 1168 3334 supponitur
1183 3264 1269 3313 effe
1303 3269 1511 3334 quinque
1539 3266 1713 3333 pedum
1737 3270 1939 3327 circiter,
1955 3270 2018 3315 ita
2030 3284 2078 3315 vt
2095 3272 2289 3334 quicun-

625 3344 716 3397 que
732 3337 961 3397 porticum
978 3336 1237 3404 ingrediens
1257 3339 1496 3404 egregium
1518 3338 1700 3403 piCturae
1718 3332 2052 3385 ordinatissimae
2075 3333 2290 3387 effectum
