2498 3898
153 266 196 315 lo
215 282 325 313 vcro
349 269 388 312 C
405 270 449 314 D
472 279 549 312 aut
571 269 609 312 C
623 266 679 321 E,
704 258 1027 311 semicirculum
1048 259 1263 310 describe-s
1286 279 1362 328 per
1375 265 1602 328 punciaD
1616 273 1660 311 δε
1685 215 1811 332 Eqisi

140 331 172 383 fi
200 331 394 382 transeat
416 349 605 403 quoque
626 350 705 398 per
726 335 947 399 punctum
969 336 1008 381 A
1031 331 1157 379 datus
1178 329 1373 399 angulus
1394 333 1476 377 erit
1499 333 1643 378 rectus
1665 349 1807 397 pei-31.

141 406 347 466 tertij,vt
370 415 482 469 pote
501 406 580 472 qui
600 406 646 449 in
670 399 945 463 semicirculo
965 400 1142 457 existat:
1158 395 1188 446 si
1210 415 1362 447 autem
1379 399 1497 447 idem
1520 394 1810 448 semicirculus

137 472 346 521 transiret
367 470 499 539 supra
515 475 739 539 punctum
759 475 795 520 A
818 466 1061 518 censendus
1081 467 1184 516 esset
1203 468 1390 538 angulus
1405 465 1661 523 obtusus,fi
1675 469 1810 518 deni-

136 559 226 611 que
244 539 536 589 semicirculus
557 537 763 588 transiret
784 535 902 586 infra
918 541 1142 607 punitum
1160 541 1199 587 A
1221 530 1413 586 secando
1423 540 1560 586 redias
1573 540 1603 585 B
1621 541 1682 598 A,
1695 543 1739 589 D
1754 541 1809 597 Α,

127 609 356 659 ‘eiusmodi
373 610 560 680 angulus
579 607 791 657 dicendus
813 605 918 657 effet
939 623 1091 655 acu-tus
1111 603 1185 655 seu
1207 610 1334 655 tedio
1354 611 1518 656 minor.

202 680 328 730 Idem
348 680 473 727 aliter
490 695 763 749 exequemur
793 676 877 725 hac
901 679 1078 726 ratione
1098 694 1198 747 quae
1216 676 1329 725 mihi
1351 678 1532 726 videtur
1556 677 1613 726 ad
1633 678 1806 745 praxim

128 753 275 820 magis
294 746 550 798 Vniuersalis
569 787 582 807 ,
604 751 822 797 nimirum
843 746 953 795 dato
972 747 1144 816 angulo
1167 745 1401 806 renitilineo
1421 766 1461 796 v.
1484 764 1527 815 g.
1560 750 1613 795 in
1640 746 1817 810 eodem*

132 821 459 888 diagrammate
484 839 549 866 21.
571 823 616 869 D
631 822 667 866 A
681 820 712 865 Β
733 818 759 867 ἒ.
776 820 952 885 puncto
972 820 1010 866 A
1037 812 1182 866 versus
1202 820 1247 863 D
1269 811 1501 882 signentur
1516 818 1564 861 in
1585 814 1704 878 linea
1718 818 1804 863 AD

127 886 364 936 interualla
385 891 594 958 quinque
614 883 687 934 seu
706 886 952 938 diuisiones
974 889 1093 932 inter
1113 882 1156 931 se
1175 883 1365 952 aequales
1395 884 1451 932 ad
1477 881 1711 932 arbitrium
1725 919 1740 939 ‚
1760 885 1808 930 in

129 956 248 1006 linea
270 975 378 1005 vero
398 961 436 1006 A
453 960 483 1005 B
502 959 524 1006 a
546 959 722 1025 puncto
745 961 784 1007 A
807 951 952 1004 versus
975 954 1004 1001 Β
1023 951 1107 1002 alia
1140 955 1224 1000 tria
1250 968 1470 1002 notentur
1488 951 1708 1015 eiusmodi
1731 954 1820 1015 inf.

129 1026 309 1075 terualla
341 1047 352 1081 3
388 1030 477 1075 iam
504 1043 622 1089 vero
640 1042 796 1094 aperto
828 1026 997 1072 circino
1026 1042 1077 1072 ex
1107 1024 1369 1092 quantitate
1402 1019 1533 1092 spatij
1580 1021 1808 1090 prioribus

130 1101 336 1165 quinque
359 1096 604 1144 interuallis
632 1097 840 1143 contenti
863 1094 1132 1161 statutoque
1157 1092 1301 1151 altero
1330 1091 1445 1140 illius
1476 1110 1597 1148 crure
1620 1096 1668 1146 in
1689 1091 1810 1154 linea

125 1172 166 1213 A
185 1168 214 1211 Β
249 1164 375 1232 super
409 1168 631 1232 puina-um
661 1184 695 1226 3.
723 1163 850 1234 quod
881 1167 928 1215 in
949 1160 1043 1231 ipsa
1063 1165 1279 1210 terminat
1299 1166 1485 1223 tertium,
1497 1161 1808 1223 interuallum,

130 1230 265 1282 debet
280 1234 467 1282 alterum
485 1234 613 1302 super
630 1233 794 1282 lineam
807 1239 842 1284 A
858 1239 902 1283 D
914 1230 1150 1280 extensum
1167 1231 1276 1280 iustex
1289 1231 1442 1292 cadere
1456 1235 1506 1280 in
1522 1234 1749 1300 puniium
1763 1254 1807 1295 4.

125 1304 256 1372 quod
277 1307 326 1351 in
350 1322 400 1352 ea
418 1307 633 1353 terminat
654 1321 864 1372 quartum
887 1302 1202 1360 interuallum,
1223 1297 1257 1353 si,
1281 1317 1434 1362 tamen
1456 1300 1700 1369 praedicstus
1727 1319 1810 1362 an-

127 1373 256 1440 gulus
276 1370 411 1421 fuerit
430 1377 594 1427 re&us·‚
609 1369 677 1421 sin
692 1390 842 1422 autem
862 1371 997 1422 fuerit
1023 1387 1182 1428 acutus
1203 1368 1334 1420 fastis
1356 1369 1575 1431 omnibus
1597 1386 1648 1432 vt
1675 1369 1810 1439 supra

129 1442 258 1490 cadet
279 1445 468 1491 circinus
496 1440 622 1511 super
651 1444 911 1510 praecliGtam
932 1441 1098 1490 lineam
1127 1440 1243 1492 vltra
1270 1444 1493 1508 punctum
1524 1461 1571 1502 4⁴
1595 1437 1665 1488 sin
1696 1448 1806 1488 verb

125 1508 311 1558 obtusus
335 1511 459 1559 cadet
478 1512 677 1561 inferius
698 1513 752 1560 Id
773 1515 821 1560 in
841 1531 896 1560 eo
919 1511 1120 1559 firmatur
1140 1528 1318 1558 canone
1336 1512 1702 1580 trigonometriae
1725 1514 1806 1579 qui

125 1583 186 1626 ait
206 1579 336 1649 quod
356 1579 389 1627 si
409 1581 637 1629 addantur
657 1578 785 1628 simul
802 1580 1026 1651 quadrata
1046 1580 1241 1627 duorum
1260 1578 1451 1627 laterum
1477 1594 1575 1646 quae
1602 1575 1804 1626 suntcir-

125 1665 174 1695 ca
195 1648 414 1718 angulum
437 1652 638 1708 redium,
661 1649 794 1700 huius
817 1652 1054 1720 aggregati
1071 1648 1299 1697 radix'erit
1318 1643 1646 1716 hypothenusa
1666 1643 1801 1715 ipsiusi

123 1714 198 1765 seu
218 1717 333 1767 latus
349 1718 519 1790 angulo
543 1722 667 1767 resto
688 1719 970 1791 oppositum.

456 1856 1011 1911 PROPosirio
1079 1855 1455 1925 QviNTA;

345 2002 506 2048 Datam
525 1998 670 2049 rei‘iam
686 1999 825 2047 lineam
840 2000 881 2045 in
905 1999 1055 2068 quomis
1067 2013 1201 2068 partes
1212 1998 1373 2068 aequales
1389 1985 1578 2056 diuiderei

201 2141 248 2187 N
274 2136 424 2208 figura
444 2158 520 2186 22.
547 2137 709 2187 tabulae
730 2139 882 2206 primae
905 2135 1148 2186 diuidenda
1172 2135 1226 2185 sit
1246 2137 1362 2186 linea
1381 2139 1462 2185 AB
1483 2138 1531 2184 in
1559 2135 1633 2184 sex
1655 2151 1802 2203 partes

201 2207 422 2276 aequales:
441 2208 667 2256 ducantur
691 2204 954 2275 primum1in
979 2207 1160 2255 duobus
1179 2211 1384 2256 extremis
1402 2207 1535 2255 huius
1555 2205 1682 2253 lineae
1704 2205 1800 2269 duae

123 2278 218 2327 aliae
248 2280 377 2325 rectae
403 2276 528 2324 lineae
556 2274 641 2324 sibi
668 2278 865 2324 inuicem
896 2273 1114 2343 parallelae
1136 2279 1216 2326 AF
1232 2313 1244 2335 ,
1274 2279 1386 2335 BD,
1415 2274 1543 2347 quod
1563 2275 1641 2324 fiet
1662 2273 1696 2325 fi
1715 2276 1797 2325 de⁴

123 2344 373 2395 scribantur
401 2364 453 2393 ex
474 2349 639 2393 centris
658 2348 695 2393 A
720 2353 764 2394 δε
789 2353 817 2391 Β
839 2345 894 2396 ad
919 2361 1068 2412 partes
1082 2347 1317 2399 interiores
1328 2344 1717 2404 lineaediuidendae
1731 2361 1805 2392 ar-

125 2434 196 2463 cus
222 2415 372 2462 circuli
402 2421 498 2473 EF,
519 2419 643 2471 CD‚
670 2411 1088 2483 abscindanturque
1114 2433 1164 2462 ex
1196 2417 1246 2463 iis
1274 2418 1513 2483 portiones
1541 2414 1734 2484 :equales
1750 2425 1802 2462 vt

123 2484 278 2532 clarius
297 2500 421 2551 patet
440 2487 487 2533 in
508 2484 848 2552 paradigmate,
868 2501 966 2554 quo
994 2483 1146 2551 polito
1175 2480 1405 2533 sumantur
1429 2487 1478 2531 in
1503 2485 1696 2554 Vtraque
1711 2498 1804 2549 ipa-j

124 2552 372 2601 rallelarum
397 2570 544 2623 partes
566 2551 637 2602 seu
658 2552 905 2602 diuisiones
928 2553 1121 2623 aequales
1144 2559 1259 2604 inter
1277 2549 1320 2609 se
1339 2554 1397 2602 ad
1414 2549 1672 2614 arbitrium,
1697 2567 1800 2599 non

122 2618 255 2671 refert
280 2625 405 2670 enim
423 2623 456 2672 fi
475 2628 667 2672 maiores
684 2639 759 2672 aut
780 2627 1004 2683 minores,
1026 2623 1170 2679 modo
1195 2640 1350 2673 tamen
1368 2620 1537 2671 interse
1550 2621 1740 2692 aequales
1754 2630 1798 2685 δε

123 2695 356 2758 pauciores
377 2692 464 2740 sint
494 2696 672 2741 vnitate
693 2710 830 2761 quam
849 2692 931 2741 illae
952 2711 1030 2761 per
1052 2710 1164 2762 quas
1185 2691 1475 2763 propositam
1498 2696 1716 2753 conuenit
1743 2688 1801 2737 lia-

123 2777 254 2808 neam
277 2760 486 2809 diuidere.
507 2767 558 2810 ln
583 2762 893 2831 paradigmate
910 2759 1220 2832 propositosv.
1241 2780 1284 2833 g.
1315 2780 1417 2811 cum
1437 2761 1683 2810 diuidenda
1703 2777 1797 2824 nQ‘

124 2829 191 2877 bis
219 2828 271 2876 fit
291 2830 407 2879 linea
436 2835 473 2880 A
490 2833 519 2878 Β
539 2836 587 2879 in
615 2828 685 2879 sex
703 2846 850 2899 partes
875 2833 1094 2901 aequalcs,
1121 2837 1331 2903 quinque
1361 2847 1543 2890 tantum
1576 2827 1798 2878 sumendae

124 2914 252 2947 erunt
271 2896 432 2949 diuisio
470 2919 512 2948 es
532 2904 581 2949 in
600 2918 796 2971 Vtraque
813 2901 1122 2969 parallelarum
1144 2906 1181 2952 A
1197 2907 1225 2951 F
1239 2940 1253 2962 ‚
1277 2904 1364 2957 BD
1378 2939 1392 2961 ‚
1412 2903 1579 2949 iunctis
1599 2918 1707 2952 vero
1741 2897 1800 2947 ad

121 2970 317 3017 inuicem
331 2918 768 3102 hiwuisionibus
788 2986 864 3040 per
891 2972 1092 3021 occultas
1113 2976 1253 3021 recstas
1270 2971 1408 3020 lineas
1428 2986 1463 3030 1,
1480 2994 1509 3033 5.
1527 2989 1571 3028 2,
1594 2992 1635 3031 4.
1648 2990 1684 3032 3,
1700 2989 1733 3030 3.
1750 2987 1799 3027 4,

125 3057 174 3085 2.·
198 3058 230 3100 ς,
251 3060 283 3086 x.
307 3039 383 3087 diu
515 3046 551 3087 it
573 3043 694 3088 recta
721 3040 842 3089 linea
863 3043 944 3091 AB
968 3046 1015 3090 in
1042 3039 1115 3091 sex
1135 3057 1282 3110 partes
1303 3041 1496 3110 aequales
1515 3080 1528 3101 ,
1551 3038 1682 3108 quod
1703 3051 1795 3085 erat

122 3104 384 3156 faciendum
397 3147 409 3168 ,
432 3107 560 3157 huius
578 3126 730 3158 autem
749 3109 1077 3160 demonstratio
1100 3114 1266 3181 petitur
1287 3129 1338 3158 ex
1357 3111 1532 3159 decima
1549 3108 1675 3158 sexti.

195 3177 371 3225 Pacilius
391 3195 501 3226 vero
533 3188 577 3228 &
610 3179 897 3232 commodius
922 3181 1044 3230 idem
1073 3181 1372 3250 praestabimus
1394 3198 1483 3246 ope
1508 3177 1796 3235 instrumenti

123 3249 342 3312 partium,
362 3244 434 3294 seu
452 3262 503 3296 vt
523 3251 825 3298 communiter
845 3265 1015 3299 vocant
1029 3253 1550 3319 circiniproportionum
1562 3284 1576 3306 ‚
1588 3248 1706 3304 cuius
1715 3262 1795 3296 va-

123 3313 187 3362 let
217 3313 315 3364 vsus
350 3326 394 3367 ὃς
425 3319 473 3365 in
501 3316 655 3366 multis
681 3317 775 3367 aliis
792 3316 1100 3370 Arithmeticae
1126 3329 1171 3370 δι’.
1203 3320 1476 3369 Geometriae
1499 3313 1794 3384 problemati<
