2498 3898
639 218 706 250 ω.
928 202 1603 279 ΤῌΑΧῘΜΑΤΥΚΟΙ
1677 205 1999 273 OPTJCl

769 340 1326 390 PROPOSITIO
1385 342 1824 392 TRIGESIMA
1882 344 2174 392 SEXTA.

1240 481 1496 526 LEMMA
1573 481 1695 527 ΧΗ.

637 619 684 664 In
705 614 863 664 Tabula
882 631 943 663 ιι.
962 616 1239 683 diagrammate
1255 619 1551 666 XXXIV.
1559 617 1601 682 fi
1613 621 1659 666 A
1671 617 1706 664 Β
1723 619 1821 687 secet
1830 618 2035 688 parallelru
2055 620 2129 667 ΡΒ
2141 633 2200 677 &¹
2214 623 2310 677 AE,

706 691 744 731 in
759 684 909 753 punc‘lis
927 684 1206 756 quibuscunque
1222 690 1269 734 A
1289 701 1349 743 ξφ
1367 689 1401 733 Β
1418 724 1432 741 ,
1458 689 1731 755 sumanturque
1754 689 1899 756 pumst'a
1917 692 1955 736 C
1976 703 2035 745 εγ
2065 695 2099 739 Ε
2113 727 2126 748 ‚
2153 689 2205 736 ad
2227 693 2312 759 eas-

704 754 790 801 dem
804 772 934 824 partes
957 759 995 802 in
1011 756 1111 812 linea
1135 760 1182 805 A
1191 757 1246 811 E,
1268 769 1328 813 <y
1341 757 1517 820 fimiliter
1532 757 1680 825 punga
1705 759 1753 804 D
1774 771 1834 812 (φ
1853 760 1913 816 F,
1943 764 1982 806 in
2011 761 2112 806 linea
2145 760 2243 816 ΡΒ,
2261 759 2314 806 ad

697 841 830 894 partes
847 825 1028 895 oppositas
1052 845 1062 877 3
1082 830 1138 872 ita
1154 841 1199 874 vt
1216 826 1343 873 eadem
1367 825 1421 891 sit
1443 829 1540 873 ratio
1562 830 1610 873 A
1624 829 1661 873 C
1673 860 1685 882 ,
1705 824 1758 871 ad
1773 828 1866 875 BD
1878 864 1891 881 ,
1911 847 1990 896 quae
2013 833 2060 877 A
2070 830 2124 883 E,
2155 828 2207 876 ad
2219 830 2310 888 FB,

704 892 963 964 ducanturque
977 895 1077 942 linea·
1105 896 1210 944 refiae
1235 899 1284 945 D
1296 900 1335 943 C
1365 908 1426 952 ξφ
1443 896 1479 942 F
1484 896 1517 942 E
1533 915 1544 947 ·‚
1565 894 1619 942 ba
1633 894 1823 966 secabunt
1837 896 1975 943 lineam
1993 898 2028 944 B
2042 901 2110 955 A,
2129 903 2166 945 in
2187 897 2312 945 eodem

695 963 842 1033 pumflo
863 965 931 1019 G3
954 966 1018 1013 vel
1044 966 1159 1013 aliter
1173 1003 1187 1020 ,
1210 966 1309 1013 linea
1338 968 1387 1014 D
1401 970 1466 1021 C,
1482 967 1589 1039 secet
1605 965 1742 1013 lineam
1761 967 1854 1013 BA
1870 1002 1884 1023 ,
1909 968 2104 1036 inpunfbo
2124 969 2166 1014 G
2188 969 2313 1019 {linea

706 1049 794 1081 vero
814 1033 851 1080 F
853 1035 892 1082 E
898 1034 1008 1107 ficet
1027 1034 1193 1083 eamdem
1208 1040 1248 1083 in
1254 1034 1399 1106 pumsio
1417 1037 1478 1084 H
1493 1056 1505 1089 ,·
1519 1034 1603 1082 dico
1627 1040 1668 1085 G
1690 1048 1749 1092 ξφ
1766 1036 1851 1091 H,
1867 1034 2165 1106 idempunc‘lum
2183 1039 2263 1105 effe.

753 1175 810 1220 Er
831 1173 1215 1223 construetionem
1234 1177 1353 1223 enim
1370 1175 1399 1222 B
1413 1178 1441 1223 F
1460 1174 1517 1223 est
1539 1173 1597 1222 ad
1613 1177 1651 1223 A
1665 1178 1726 1233 E,
1746 1191 1796 1223 vt
1816 1177 1846 1222 Β
1862 1179 1906 1223 D
1927 1175 1982 1222 ad
2003 1179 2041 1224 A
2058 1179 2120 1234 C,
2140 1184 2183 1225 δε
2204 1181 2312 1245 quia

754 1243 1027 1310 triangulum
1048 1248 1075 1291 12
1089 1248 1136 1292 H
1156 1246 1209 1302 B,
1227 1242 1366 1292 simile
1381 1245 1440 1292 est
1458 1244 1684 1313 triangulo
1715 1249 1752 1293 A
1764 1248 1811 1292 H
1829 1250 1856 1293 E
1868 1282 1880 1301 ,
1895 1240 2005 1291 sieut
2034 1250 2313 1315 triangulum

639 1317 684 1360 D
702 1313 742 1359 G
759 1313 786 1358 B
800 1348 821 1368 „
838 1312 1067 1381 triangulo
1092 1316 1128 1362 A
1144 1317 1182 1362 G
1196 1320 1254 1365 C;
1276 1331 1351 1379 per
1368 1328 1576 1381 quartam
1594 1310 1703 1359 sexti
1722 1311 1865 1360 Elem.
1891 1329 1939 1358 vt
1962 1315 1991 1359 B
2009 1317 2033 1360 F
2054 1316 2113 1362 est
2134 1316 2190 1361 ad
2209 1318 2243 1362 A
2262 1318 2314 1372 E,

640 1378 698 1428 sie
717 1381 801 1426 ΡΗ
825 1379 882 1426 est
902 1383 958 1429 ad
976 1386 1023 1429 H
1041 1384 1097 1438 E,
1121 1383 1212 1429 hoc
1231 1381 1286 1428 est
1310 1384 1404 1428 BH
1430 1381 1488 1429 ad
1509 1383 1608 1428 HA
1631 1377 1856 1428 :fimiliter
1876 1397 1923 1428 vt
1944 1381 1999 1428 est
2021 1384 2109 1431 BD
2131 1383 2186 1430 ad
2210 1389 2318 1437 AC,

640 1453 702 1495 ita
724 1451 827 1496 DG
853 1450 910 1496 ad
937 1454 1053 1508 GC,
1072 1450 1162 1497 hoc
1190 1450 1279 1508 est,
1311 1452 1400 1498 BG
1428 1448 1486 1496 ad
1521 1453 1561 1498 G
1581 1453 1619 1497 A
1638 1470 1650 1503 3
1670 1452 1791 1518 Ergo
1822 1454 2008 1503 vtBI-I,
2027 1451 2084 1498 ad
2116 1455 2233 1508 ΗΑ,
2258 1449 2315 1497 sie

639 1519 669 1564 B
687 1520 753 1574 G,
774 1515 830 1564 ad
852 1522 891 1566 G
905 1521 969 1576 A,
986 1517 1166 1567 &linea
1185 1521 1215 1566 B
1232 1522 1291 1576 A,
1313 1515 1481 1586 semper
1505 1514 1672 1568 secatur
1688 1522 1736 1567 in
1763 1518 1924 1567 eodem
1951 1522 2128 1585 Ριιηέὶο
2150 1524 2189 1569 G
2205 1559 2216 1580 ,
2237 1535 2313 1567 aut

635 1586 710 1645 H,
731 1587 865 1655 quod
885 1603 979 1636 erat
997 1585 1408 1636 demonstrandum.

1124 1727 1825 1786 COROLLARIVM.

764 1867 808 1911 X
832 1864 914 1912 hac
934 1863 1246 1934 propositione
1266 1866 1467 1938 sequitur
1493 1871 1621 1939 quod
1639 1874 1688 1918 in
1718 1868 2019 1939 dispositione
2044 1873 2317 1938 punstorum

763 1942 806 1982 δε
824 1933 1038 1984 linearum
1052 1973 1065 1994 ,
1079 1936 1241 2007 quibus
1259 1941 1306 1985 in
1323 1939 1473 1987 nostra
1492 1940 1716 1987 methodo
1734 1946 1800 1989 vti
1818 1937 2126 1989 consueuimus
2138 1976 2151 1996 ,
2170 1936 2203 1985 st
2221 1956 2320 1986 eue-

637 2006 733 2050 niat
753 2018 838 2050 nos
854 2004 969 2052 adeo
991 2010 1275 2057 coaretarivt
1294 2011 1340 2055 in
1359 2007 1501 2075 plano
1527 2000 1738 2057 sestionis
1764 2010 1874 2058 dato
1902 2028 1999 2057 non
2031 2007 2242 2077 poss'imus
2269 2011 2318 2055 in

636 2071 753 2119 linea
774 2069 1054 2129 horizontali
1087 2074 1305 2125 distantiae
1334 2080 1557 2144 punistum
1585 2073 1826 2126 secundum
1849 2076 2071 2127 mensuras
2102 2076 2240 2125 reales
2269 2085 2315 2124 δε

636 2157 761 2189 veras
775 2177 789 2198 ,
808 2157 994 2210 propter
1012 2145 1247 2213 angustum
1272 2148 1405 2193 nimis
1431 2145 1622 2213 spatium
1640 2184 1653 2204 ,
1683 2146 1925 2204 collocare-3
1943 2150 2061 2195 redte
2087 2144 2316 2214 possumus

638 2210 696 2258 ad
719 2209 973 2270 arbitrium,
993 2221 1037 2260 &
1059 2230 1283 2284 quantum
1304 2232 1420 2280 opus
1439 2219 1521 2262 erit
1539 2213 1651 2263 illud
1673 2219 1849 2282 puntsto
1875 2218 2090 2283 primario
2118 2217 2319 2264 vicinum

638 2278 927 2338 constituere,
951 2289 994 2330 ὃς
1019 2277 1211 2353 fingulas
1235 2281 1533 2331 nihilominus
1561 2282 1899 2333 intersenffiones
1926 2294 1970 2334 ὃς
1995 2283 2323 2338 diminutiones

638 2343 1010 2416 scenographicas
1028 2347 1229 2400 fimiliter
1247 2354 1468 2412 inuenire,
1486 2370 1535 2400 ac
1555 2351 1588 2399 si
1608 2370 1687 2420 per
1710 2351 1931 2402 mensuras
1960 2371 2083 2402 veras
2109 2362 2151 2401 &
2185 2351 2318 2399 reales

637 2433 667 2462 o
704 2433 918 2465 eraremur
939 2439 949 2471 ς
970 2420 1115 2469 modo
1151 2437 1301 2468 tamen
1329 2419 1501 2487 semper
1523 2419 1714 2469 seruetur
1742 2425 1858 2470 ratio
1885 2423 2200 2490 proportionis
2221 2437 2320 2489 quae

638 2434 698 2532 ele
721 2489 838 2532 inter
855 2503 1001 2553 partes
1017 2487 1278 2538 vitrei-basrs
1307 2500 1350 2539 &
1380 2488 1595 2537 distantiae
1614 2510 1624 2538 :
1644 2509 1684 2538 v.
1709 2509 1752 2558 g.
1768 2495 1816 2537 in
1846 2493 2066 2557 praedidm
2097 2490 2319 2558 diagram-

636 2569 755 2599 mate
781 2558 1040 2605 XXXIV.
1070 2558 1176 2606 data
1202 2558 1258 2605 fit
1287 2559 1424 2607 nobis
1451 2554 1591 2606 festio
1624 2561 1804 2614 FlK-B,
1825 2557 2021 2626 &ipsius
2050 2558 2166 2605 linea
2195 2557 2320 2604 hori-

637 2619 831 2668 zontalis
851 2627 884 2670 A
901 2629 959 2680 E,
980 2628 1026 2671 in
1049 2643 1138 2693 qua
1162 2625 1295 2675 situm
1316 2625 1370 2675 fit
1388 2630 1607 2692 punctum
1625 2626 1839 2675 distantiae
1860 2631 1895 2675 E
1918 2642 2147 2674 remotum
2163 2623 2188 2672 a
2206 2643 2316 2692 pun-

639 2692 715 2738 ἂο
735 2693 947 2757 primario
979 2693 1164 2760 pedibus
1191 2695 1281 2743 siue
1309 2694 1543 2763 spithamis
1571 2698 1726 2744 decem
1756 2706 1800 2745 δε
1826 2699 1938 2743 οᾶο
1959 2717 1969 2744 :
1992 2698 2317 2763 contineatque

635 2756 902 2807 vitrei-bafis
925 2764 953 2807 F
968 2764 1024 2818 B,
1042 2762 1198 2811 decern
1219 2763 1438 2813 eiusmodi
1457 2764 1593 2830 pedes
1613 2785 1622 2817 3
1647 2781 1816 2813 eertum
1836 2765 1920 2822 est,
1943 2774 1986 2813 ὃς
2015 2765 2158 2832 liquet
2186 2782 2237 2811 ex
2267 2766 2318 2810 iis

637 2844 733 2895 quae
753 2826 778 2875 a
797 2830 932 2877 nobis
951 2831 1256 2880 demonstrata
1278 2831 1381 2882 sunt
1401 2836 1449 2880 in
1470 2837 1626 2900 primis
1638 2834 1769 2883 huius
1789 2833 1891 2882 libri
1911 2830 2318 2901 propositionibus,

638 2895 766 2963 quod
791 2894 824 2944 si
850 2900 900 2946 in
931 2897 1047 2948 linea
1075 2901 1229 2949 radiali
1258 2905 1362 2962 BA,
1382 2900 1438 2949 ab
1465 2903 1637 2972 angulo
1672 2901 1831 2951 tabulae
1859 2903 1995 2950 ducita
2019 2903 2074 2951 ad
2095 2903 2320 2969 planetum

637 2967 899 3030 primarium
925 2971 963 3016 A
982 3005 995 3026 ,
1028 2972 1351 3020 inuenientium
1378 2968 1432 3017 sit
1455 2975 1678 3038 punitum
1706 2971 1836 3040 quod
1862 2971 2012 3029 decem
2034 2968 2220 3037 pedibus
2247 2969 2317 3015 eli-

637 3033 716 3079 stet
733 3030 756 3080 a
775 3033 1015 3083 vitrei-basr
1037 3038 1126 3085 siue
1144 3037 1259 3086 vltra
1275 3036 1521 3088 sestionem
1543 3041 1839 3088 constitutum
1857 3056 2067 3106 appareat
2083 3079 2096 3098 ‚
2115 3037 2319 3086 ducenda

640 3097 738 3149 esta
762 3106 935 3168 puncto
961 3108 1013 3163 F,
1031 3109 1146 3153 inter
1170 3108 1299 3173 quod
1318 3118 1362 3164 ξε
1385 3110 1610 3175 punCtum
1628 3111 1658 3156 B
1672 3146 1685 3168 ,
1699 3106 2128 3176 statuatur-spatium
2153 3105 2317 3174 pedum

639 3170 789 3217 decem
808 3167 1050 3221 secundum
1068 3174 1294 3224 mensuras
1313 3179 1448 3225 reales
1473 3186 1517 3225 ὃς
1540 3196 1660 3227 veras
1675 3216 1689 3234 ,
1705 3178 1763 3225 ad
1789 3181 2010 3244 pun<stum
2032 3177 2245 3226 distantiae
2267 3177 2316 3230 Ε,

640 3237 755 3286 linea
771 3243 889 3288 resta
911 3243 938 3287 F
952 3244 1008 3300 Ε,
1032 3259 1130 3311 quae
1147 3247 1194 3290 in
1220 3244 1290 3293 sua
1310 3264 1410 3294 eum
1428 3247 1458 3291 B
1473 3250 1511 3292 A
1527 3283 1539 3303 ‚
1560 3243 1885 3294 intersectione
1910 3242 2162 3314 designabit
2183 3245 2227 3288 in
2250 3245 2317 3296 H,

638 3310 856 3372 punctum
878 3309 1109 3378 quaesitum
1125 3312 1276 3365 decem
1294 3313 1411 3363 vltra
1430 3312 1591 3365 tabulae
1609 3314 1797 3383 planum
1807 3313 1997 3382 pedibus
2007 3312 2310 3368 constitutum,

2264 3396 2312 3429 ae
