2498 3898
680 256 746 296 186
1003 252 1669 304 THAVMATVRGl
1747 252 2057 302 OPTICI

682 313 858 384 prorsus
877 315 1106 379 habuerit,
1131 340 1368 390 quemque
1387 341 1495 371 cum
1513 329 1559 370 in
1580 341 1678 372 tota
1704 322 1925 391 pingendi
1957 329 2132 372 ratione
2159 324 2350 376 mirifice?

677 387 959 501 praestiterit,
978 388 1186 438 diuinum
1220 387 1396 458 semper
1429 391 1657 459 appellare
1695 390 2129 441 consueuimus:vir
2158 398 2349 463 inquam

693 455 756 503 iic
776 453 1099 506 celeberrimus
1120 477 1227 508 cum
1245 460 1415 509 coelum
1441 459 1766 509 ambulationis
1787 501 1798 520 ‚
1827 459 2058 509 cuiusdam
2086 480 2227 530 quam
2252 468 2348 512 Au-

673 525 879 590 gustinus
900 522 1079 574 Ghisius
1098 524 1475 596 splendidissimus
1493 548 1722 579 mercator
1741 526 1826 577 sibi
1843 531 2145 578 extruendum
2156 538 2347 595 curauit,

674 596 859 658 pisturis
877 593 1154 664 distinguere
1173 598 1408 658 statuisset,
1428 603 1475 645 in
1494 596 1597 666 ipsis
1617 596 1878 647 lunularum
1899 599 2092 646 exordiis
2112 600 2347 651 molliores

671 656 840 728 figuras
860 660 1060 730 primum
1080 663 1295 734 disposuit
1314 677 1357 715 ὃς
1374 666 1644 727 collocauit3
1660 671 1936 737 pi8turarum
1951 669 2347 719 contractionibus

668 725 745 776 seu
768 732 1171 783 imminutionibus
1188 776 1201 796 ,
1230 740 1439 804 quamuis
1466 740 1513 782 in
1535 735 1626 784 hoc
1652 753 1821 805 genere
1838 737 2178 804 quammaxime
2205 742 2344 787 etiam

668 798 955 862 excelluerit,
976 802 1131 851 dedita
1143 822 1283 872 opera
1303 821 1413 852 tunc
1433 802 1752 872 praetermiffis,
1773 803 2062 874 studioseque
2091 805 2347 856 admodum

666 872 857 919 enitatis·
891 869 1067 921 Verum
1086 891 1193 921 cum
1210 873 1269 921 ad
1286 872 1392 922 coeli
1408 868 1640 940 fastigium
1668 873 1834 921 deinde
1864 878 2094 941 peruenit,
2113 873 2195 923 etsi
2218 881 2343 924 Deo-

651 955 768 988 rum
792 940 1123 990 immortalium
1146 940 1214 990 ibi
1239 946 1533 1002 conuiuium,
1551 941 1724 991 caeleste
1749 946 1923 1011 quippe
1948 961 2273 1011 argumentum
2296 957 2342 996 &

663 1003 757 1057 loci
782 1007 917 1077 ipsius
938 1028 1107 1059 naturae
1121 1010 1316 1060 mirifice
1331 1012 1741 1060 accommodatum
1758 1012 1976 1059 instruere
1997 1012 2236 1081 cogitasset
2250 1033 2341 1072 ·,at.r

662 1093 820 1126 tamen
854 1078 1281 1149 contemplantibus
1308 1079 1536 1141 blandiri,
1565 1078 1906 1150 gratificarique
1937 1080 2144 1142 studens,
2165 1099 2236 1129 tot
2253 1087 2340 1131 im-

659 1150 977 1198 rninutionum
993 1149 1236 1212 duriciem,
1254 1147 1608 1219 scabritiemque
1629 1145 1929 1198 auferendam
1957 1149 2200 1198 iudicauit:
2225 1170 2338 1220 qua-

656 1232 847 1285 propter
863 1217 1105 1268 caeruleum
1119 1218 1274 1269 velum
1298 1215 1521 1268 fasciculis
1552 1218 1786 1267 nonnullis
1816 1217 2073 1288 suspensum
2099 1238 2151 1268 ac
2175 1220 2338 1290 religa-

655 1301 757 1334 tum
776 1303 1000 1356 tanquam
1015 1287 1192 1337 mobile
1209 1287 1452 1358 quoddam
1470 1287 1635 1337 call-ide
1652 1287 1719 1336 ibi
1738 1288 1963 1356 depinxit,
1983 1292 2030 1335 in
2049 1306 2145 1356 quo
2174 1296 2336 1339 conui-

653 1358 782 1403 uium
799 1357 991 1416 deinde,
1011 1355 1241 1426 dapesque
1273 1363 1485 1406 Deorum
1509 1356 1742 1417 instruxit,
1763 1375 1819 1404 eo
1847 1374 2016 1425 nempe
2049 1355 2242 1405 artificio
2268 1378 2339 1408 at-

652 1440 746 1490 que
764 1424 1032 1474 dexteritate
1046 1424 1276 1487 adhibita,
1294 1442 1461 1494 totque
1481 1444 1698 1474 motuum
1714 1422 1896 1494 insuper
1915 1435 1958 1475 δε
1976 1424 2186 1474 colorum
2201 1429 2335 1476 indu-

650 1496 723 1541 ἀεὶ
737 1499 954 1543 varietate
972 1512 1020 1543 vt
1037 1495 1096 1543 ad
1117 1499 1357 1544 veritatem
1384 1493 1665 1565 figmentum
1687 1494 1802 1544 illud
1830 1498 2180 1564 quamproxime
2203 1515 2335 1545 acce-

647 1560 756 1610 dere
786 1565 1076 1613 existimetur.
1151 1566 1378 1631 Qinimo
1401 1582 1557 1614 totum
1585 1583 1702 1633 opus
1729 1563 1938 1634 praeclare
1958 1563 2075 1613 adeo
2094 1604 2107 1624 ,
2133 1571 2335 1635 egregie,

645 1648 739 1699 que
763 1631 1011 1703 respondet
1033 1651 1082 1683 vt
1108 1631 1364 1683 ambulatio
1391 1633 1676 1702 triumphalis
1706 1639 1857 1702 potius
1885 1631 2118 1682 cuiusdam
2142 1652 2330 1701 appara-

642 1704 806 1758 tionis,
827 1721 969 1772 quam
988 1720 1215 1772 perpetuae
1234 1708 1416 1771 pistum
1434 1707 1593 1771 parieti
1609 1703 1803 1752 inducfi‘tae
1823 1700 2251 1771 speciemexhibeat
2261 1723 2329 1752 re-

641 1764 869 1840 feratque.
907 1772 1054 1839 Qd
1069 1770 1103 1821 si
1122 1790 1238 1840 opus
1258 1791 1356 1821 non
1376 1771 1467 1821 hoc
1485 1769 1798 1840 compositum
1818 1770 2035 1833 artificio,
2055 1767 2130 1818 sed
2155 1768 2328 1838 fimpli-

638 1842 683 1888 ci
707 1841 911 1910 quadam
941 1845 1118 1890 ratione
1147 1841 1194 1890 su
1230 1859 1356 1890 rema
1382 1839 1709 1890 ambulationis
1738 1840 1920 1889 testudo
1949 1841 2130 1910 depicsta
2160 1834 2325 1902 fuiffet;

637 1925 758 1976 quot
797 1927 879 1958 uot
901 1908 967 1959 ibi
993 1927 1149 1959 extant
1178 1859 1357 1980 fipgurae,
1375 1929 1433 1959 eo
1451 1928 1596 1979 quem
1653 1911 1905 1960 raediximus
1935 1907 2047 1969 situ,
2066 1908 2325 1978 eademque

634 1927 933 2047 dispositione
953 1996 1246 2041 remanente,
1264 1984 1545 2050 praecipitem
1559 1929 1712 2029 caHim
1729 1984 1930 2027 minitari
1951 1989 1994 2028 δε
2015 1984 2106 2028 iam
2133 1982 2224 2026 iam
2246 1979 2325 2027 de-

627 2043 817 2115 ⁴lapsurae
853 2049 1198 2118 propemodum
1221 2050 1496 2098 viderentur.
1581 2055 1694 2099 Haec
1720 2048 1780 2097 ad
1805 2048 1966 2096 nostrae
1994 2044 2322 2117 propositionis

629 2115 893 2172 institutum
907 2118 1074 2169 Serlius
1094 2122 1176 2187 qui
1194 2118 1363 2167 eodem
1381 2122 1532 2187 capite
1549 2123 1642 2166 iam
1660 2123 1802 2167 citato
1821 2116 2045 2165 iudicium
2070 2121 2118 2164 in
2135 2115 2322 2166 istarum

629 2182 1006 2256 designationum
1022 2186 1218 2238 artifices
1240 2185 1530 2256 summopere?
1549 2193 1740 2257 expetit,
1758 2204 1806 2235 vt
1823 2202 2115 2254 quaecunque
2144 2201 2318 2234 naturae

627 2252 783 2308 loci&
799 2254 989 2308 subiesti
1007 2257 1268 2308 conditioni
1288 2262 1436 2326 magis
1459 2260 1749 2305 conueniunt
1776 2252 1964 2324 seligere
1988 2254 2137 2303 valeat
2158 2279 2169 2312 ·‚
2192 2254 2320 2302 caele-

625 2323 711 2373 stia
736 2343 965 2397 namque,
992 2326 1157 2377 aethera
1192 2338 1236 2377 &
1257 2324 1479 2379 Volatilia
1503 2321 1805 2385 simulachra,
1830 2324 1973 2394 longe
1998 2327 2146 2392 aptius
2176 2338 2320 2390 quam

626 2407 809 2444 terrena
825 2396 892 2446 ibi
906 2415 1163 2467 congruere
1181 2395 1464 2446 videbuntur
1487 2391 1643 2442 :vsum
1666 2400 1806 2444 etiam
1832 2398 1881 2442 in
1906 2392 2075 2442 eodem
2103 2397 2316 2458 requirit,

622 2456 699 2530 sed
722 2482 775 2513 ex
795 2469 958 2518 iterata
977 2471 1102 2538 praxi
1122 2483 1439 2539 comparatur,
1455 2467 1530 2512 vix
1552 2462 1759 2514 docetur.

867 2607 1511 2675 conoLLARIYM
1581 2612 1608 2658 s
1632 2610 1918 2660 ECVND
1942 2604 2072 2657 VM.

786 2752 977 2799 Vamuis
1000 2767 1052 2797 ex
1087 2748 1316 2798 methodo
1349 2743 1588 2797 vniuersali
1626 2747 1922 2818 praecedentis
1960 2739 2315 2815 propositionis,

613 2863 617 2870 .
786 2815 1059 2868 sufficienter
1076 2815 1356 2879 innotescat,
1375 2817 1620 2889 quomodo
1639 2836 1720 2886 per
1737 2815 1814 2866 fila
1824 2813 2308 2865 visualiumradiorum

614 2889 735 2936 vices
762 2884 987 2936 obeuntia
1003 2924 1017 2944 ,
1047 2884 1181 2937 facile
1205 2905 1381 2957 queant
1415 2891 1673 2957 imaginum
1704 2883 2017 2956 quarumlibet
2040 2887 2309 2951 proied’turae

613 2955 793 3005 diredhr:
809 2953 903 3005 siue
923 2954 1126 3026 obliquae
1148 2963 1196 3006 in
1214 2953 1440 3026 expositas
1465 2953 1764 3025 quascunque
1789 2951 2047 3022 superficies
2076 2948 2304 3000 transfun-

604 3024 684 3085 .di,
708 3031 818 3075 &in
835 3023 964 3093 plura
979 3023 1248 3095 diuersaque
1267 3030 1406 3074 etiam
1423 3023 1559 3093 plana
1584 3022 1719 3073 simul
1749 3020 2010 3092 consignari
2036 3063 2049 3083 ,
2079 3039 2127 3069 vt
2153 3026 2201 3070 in
2224 3039 2304 3068 an-

610 3093 746 3161 gulos
764 3097 1014 3164 parietum,
1033 3092 1240 3143 tabulata
1267 3091 1462 3142 inflatam
1481 3133 1494 3154 ‚
1519 3103 1563 3143 δε
1589 3088 1837 3142 fornicatas
1867 3091 2182 3150 testitudine33
2203 3107 2301 3138 non

605 3167 695 3216 *erit
714 3180 871 3215 tamen
891 3161 968 3212 hic
987 3160 1182 3214 otiosum
1205 3162 1253 3211 id
1277 3161 1482 3211 recolere
1511 3162 1641 3231 quod
1667 3166 1931 3212 notauimus
1959 3165 2009 3208 in
2026 3176 2191 3228 quarto
2220 3176 2301 3205 co-

607 3231 790 3283 rollario
813 3236 952 3283 tertiae
968 3233 1294 3302 propositionis
1314 3230 1448 3280 huius
1465 3229 1572 3280 libri
1590 3242 1634 3282 &
1654 3230 1806 3300 potest
1825 3229 1884 3278 ad
1907 3225 2195 3297 propositum
2218 3243 2301 3274 ne-

608 3305 790 3366 gotium
807 3296 1021 3355 conferre
1042 3321 1053 3352 ς
1072 3303 1151 3352 tali
1168 3319 1339 3370 nempe
1359 3297 1588 3363 methodo
1606 3299 1787 3369 aliquos
1814 3303 1880 3348 vti
1897 3302 1993 3418 fflm
2021 3292 2296 3364 designatio-

607 3365 743 3437 nibus
760 3368 1019 3422 huiusmodi
1035 3366 1261 3425 faciendis
1280 3387 1471 3438 operam
1499 3386 1696 3433 nauant,
1717 3387 1766 3420 vt
1793 3374 1843 3418 in
1869 3387 1903 3440 a
1931 3381 2092 3437 ignato
2120 3367 2296 3432 punCto
