2498 3898
626 223 709 271 ἰών.
965 222 1630 273 THAVMATVRGI
1698 223 2021 271 OPTICI

627 292 801 358 punisto
817 291 868 343 ἐς
893 291 1055 338 deinde
1077 306 1230 336 centro
1254 292 1332 344 M,
1352 292 1589 337 interuallo
1610 294 1709 340 ME
1725 329 1737 345 ,
1753 287 1879 359 supra
1899 289 2103 338 eamdem
2125 288 2292 339 lineam

627 359 732 406 alius
751 359 900 407 circuli
927 377 1047 406 arcus
1066 354 1318 426 designetur
1337 356 1477 426 ipsam
1505 355 1640 406 rursus
1670 357 1819 406 secans
1847 361 1904 408 ad
1933 362 2153 426 puniitum
2181 379 2214 412 c,
2249 370 2291 409 ὅς

629 444 852 495 repetatur
871 431 915 474 in
935 428 1003 483 cd,
1020 426 1261 494 longitudo
1279 428 1399 475 linea:
1416 427 1475 474 ab
1495 447 1504 480 3
1527 428 1688 496 quibus
1708 431 1768 474 ita
1793 429 2294 493 c,onstitutis,poterunt

630 495 696 544 ha:
726 494 1237 563 omnes-ortographicae
1260 498 1385 544 lineae
1411 496 1666 544 altitudines
1697 495 1804 542 hinc
1839 495 2077 563 desumptae
2111 497 2166 543 ad
2198 497 2297 542 dia-

631 580 830 633 gramma
853 566 975 610 XII.
1012 560 1234 612 transferri
1262 575 1305 614 &
1342 570 1388 612 in
1415 566 1529 613 linea
1555 575 1593 614 A
1609 571 1657 615 M
1680 605 1691 623 ,
1717 565 1922 613 collocari
1941 586 1949 612 :
1969 563 2043 611 sed
2067 569 2174 632 quia
2196 583 2297 612 non

631 632 885 682 immediate
906 632 1045 699 plano
1067 630 1259 681 solidum
1279 636 1368 681 hoc
1384 633 1621 693 stellatam,
1645 638 1785 682 immo
1809 634 2004 700 pluribus
2033 633 2126 679 aliis
2153 637 2298 680 inter-

633 702 789 750 mediis
816 700 1005 758 insistit,
1038 715 1236 768 quorum
1264 698 1433 748 diuersa
1465 703 1646 771 vestigia
1676 704 2001 771 diagrammate
2033 705 2124 749 IX.
2155 705 2301 767 expri-

632 785 814 818 muntur
828 805 839 826 ,
856 771 1068 816 nimirum
1088 771 1132 814 in
1151 773 1187 817 A
1202 773 1231 816 B
1247 776 1339 819 CD
1353 809 1365 825 ,
1385 773 1679 838 icnographia
1698 771 2056 839 parallelepipedi
2080 788 2225 840 nopq;
2251 773 2299 818 in

635 853 829 907 quatuor
849 837 1074 907 quadratis
1090 841 1124 885 E
1137 842 1163 884 F
1179 843 1218 886 G
1236 845 1279 888 H
1292 877 1304 893 ,
1324 841 1394 888 11<
1410 842 1507 886 LM
1525 877 1537 895 ‚
1565 842 1611 887 N
1632 844 1675 888 O
1693 844 1723 887 P
1736 841 1784 897 Q
1801 877 1812 898 ,
1848 847 1889 891 R
1903 845 1926 887 S
1940 845 1978 887 Τ
1994 844 2035 888 V
2049 877 2061 897 ,
2090 843 2302 906 icnogra-

635 908 743 974 phia
772 906 1054 973 pyramidum
1085 909 1402 972 quadratarum
1430 911 1536 982 rstu
1553 930 1565 962 ,-
1581 912 1627 955 in
1658 926 1786 955 cruce·
1807 908 2001 976 denique
2023 911 2118 955 XY
2139 910 2175 953 Z
2193 917 2229 955 A
2248 914 2302 964 A,

635 979 934 1044 icnographia
962 973 1111 1022 solidae
1132 982 1265 1025 crucis
1293 996 1480 1043 xyzaa‚
1499 995 1579 1026 nec
1601 994 1700 1024 non
1730 986 1773 1026 &
1804 981 1989 1025 minoris
2019 975 2302 1043 parallelepi—

635 1044 740 1111 pedi
763 1043 892 1111 quod
913 1062 964 1090 ex
983 1042 1096 1090 illius
1114 1049 1265 1096 medio
1283 1047 1491 1096 eduorum
1511 1043 1779 1113 conspicitur
1799 1069 1811 1095 .-
1828 1048 1946 1113 Qia
1961 1083 1972 1103 ‚
1992 1049 2206 1108 inquam,
2225 1043 2304 1091 so·-

637 1113 777 1160 lidum
798 1110 886 1159 hoc
904 1110 1121 1159 stellatum
1139 1118 1397 1181 primarium
1417 1115 1617 1183 pluribus
1634 1114 1722 1161 istis
1741 1115 1834 1163 aliis
1860 1112 2014 1170 insistit
2028 1151 2041 1171 ,
2061 1113 2165 1161 ideo
2185 1116 2303 1180 prius

636 1182 695 1228 ad
715 1179 1014 1229 vitrei-basim
1030 1185 1065 1228 A
1079 1185 1146 1239 N,
1168 1186 1213 1230 in
1233 1183 1347 1231 linea
1374 1184 1726 1252 perpendiculari
1752 1187 1789 1231 A
1805 1191 1855 1235 M
1876 1223 1889 1243 ,
1916 1181 2155 1231 statuendae
2176 1198 2304 1229 erunt

638 1246 813 1299 diuetsae
829 1250 1015 1297 istorum
1034 1246 1281 1300 solidorum
1300 1252 1555 1301 altitudines
1573 1253 1813 1301 :statuatur
1839 1272 1948 1323 ergo
1981 1257 2177 1319 primurn
2200 1251 2306 1297 lon-

639 1319 802 1388 gitudo
827 1324 859 1366 A
875 1320 904 1364 B
920 1357 931 1375 ,
952 1336 1034 1385 pro
1055 1319 1290 1368 altitudine
1306 1320 1408 1367 reali
1431 1321 1756 1388 parallepipedi
1774 1341 1913 1392 nopq,
1931 1319 2076 1389 qualis
2088 1323 2305 1367 nimirum

638 1389 839 1456 lignatur
860 1404 1048 1433 numero
1075 1407 1114 1444 1,
1134 1391 1181 1434 in
1200 1389 1522 1458 diagrammate
1547 1392 1636 1437 1X.
1658 1399 1701 1437 &
1723 1395 1804 1437 erit
1827 1392 2048 1438 diminuta
2076 1389 2145 1435 seu
2165 1405 2309 1453 appa-

639 1473 737 1504 rens
766 1454 857 1501 bbu
881 1492 894 1512 ,
929 1455 1059 1503 velcc
1077 1456 1232 1513 dd,in
1259 1458 1563 1526 ortographiae
1595 1455 1731 1505 scala:
1755 1459 1934 1508 Deinde
1960 1474 2042 1524 pto
2070 1455 2309 1503 altitudine

641 1524 747 1571 reali
766 1521 1048 1590 pyramidum
1069 1525 1281 1573 statuetur
1312 1528 1418 1583 BC,
1441 1527 1580 1594 qualis
1609 1525 1812 1597 signatur
1837 1543 2024 1576 numero
2047 1545 2069 1571 2
2087 1562 2099 1582 ,
2118 1519 2310 1571 eiusdem

643 1594 982 1661 diagrammatis
1005 1612 1015 1644 3
1039 1611 1124 1658 pro
1151 1595 1387 1642 altitudine
1416 1592 1566 1644 solidae
1593 1600 1728 1644 crucis
1747 1636 1758 1655 ,
1790 1603 1884 1646 CD
1901 1635 1912 1655 ,
1940 1593 2080 1664 qualis
2108 1591 2309 1662 signatur

641 1678 833 1710 numero
858 1681 901 1722 3,
926 1669 969 1709 δε
991 1664 1084 1708 DE
1105 1662 1284 1731 aequalis
1300 1663 1423 1711 lineae
1454 1675 1611 1730 4‚’pro
1640 1665 1880 1713 altitudine
1904 1667 2092 1711 minoris
2120 1661 2310 1729 paralle-

641 1729 835 1796 lepipedi
864 1732 910 1776 in
941 1746 1060 1798 que,
1076 1746 1127 1778 vt
1156 1731 1344 1779 diximus
1366 1769 1379 1788 ‚
1404 1734 1662 1782 immediate
1685 1732 1963 1812 conquiescit
1988 1730 2179 1779 solidum
2209 1729 2312 1777 stel—

643 1798 784 1846 latum
806 1801 925 1845 cuius
945 1798 1202 1846 altitudines
1223 1801 1358 1848 reales
1377 1803 1709 1872 ortographicae
1730 1805 2034 1860 demine-ntur,
2055 1815 2106 1848 vt
2131 1801 2313 1846 monui-

642 1867 814 1925 mus‚4ex
834 1866 1155 1935 diagrammate
1177 1871 1269 1915 XI
1292 1878 1334 1917 &
1358 1872 1404 1917 in
1426 1870 1510 1919 hac
1529 1873 1881 1937 perpendiculari
1902 1876 1936 1919 A
1951 1867 2314 1927 M,constituen—

645 1949 737 1993 tur,
754 1938 817 1982 ita
835 1950 887 1982 vt
908 1939 942 1982 E
962 1939 988 1981 F
1008 1935 1061 1982 sit
1081 1935 1194 1983 latus
1214 1936 1436 2007 decagoni
1454 1938 1655 2007 inscripti
1675 1941 1835 1988 circulo
1855 1944 1897 1988 Y
1913 1943 1946 1986 E
1961 1959 1980 1986 e
2003 1942 2040 1988 Z
2055 1940 2215 2006 Ff,A'a
2237 1940 2318 2003 Gg

642 2002 736 2052 Hb
760 2009 800 2052 C
822 2023 864 2055 c3
888 2003 1050 2052 deinde
1074 2008 1172 2063 FL,
1193 2009 1372 2073 aequalis
1402 2005 1735 2056 semidiametro
1756 2006 1949 2057 eiusdem
1971 2008 2117 2056 circuli
2135 2010 2172 2054 A
2187 2011 2252 2061 Y,
2269 2013 2314 2051 δε

645 2076 744 2122 LM
769 2071 951 2140 :equalis
969 2076 1070 2130 EF,
1093 2089 1143 2121 vt
1165 2072 1518 2142 praescripfimus,
1543 2078 1598 2124 ad
1620 2074 1977 2144 propositionem
1995 2094 2052 2135 27
2073 2072 2315 2133 huius,vbi

645 2141 702 2188 de
727 2140 960 2189 Icosa'edro
983 2162 993 2188 ε
1015 2157 1059 2188 at
1079 2141 1186 2189 iuste
1205 2145 1249 2189 in
1276 2145 1427 2192 medio
1450 2143 1576 2212 spatij
1603 2149 1705 2204 FL,
1724 2146 1859 2194 debet
1888 2144 2095 2193 collocari
2118 2142 2234 2191 linea
2254 2140 2314 2188 ab

643 2210 714 2265 cd,
734 2209 1068 2279 diagrammatis
1089 2214 1132 2257 X
1143 2214 1175 2257 1.
1197 2227 1295 2259 cum
1320 2211 1402 2261 suis
1421 2214 1769 2282 partitionibus,
1789 2231 1840 2262 vt
1853 2217 2042 2263 cernitur
2062 2216 2108 2260 in
2132 2216 2227 2261 GH
2236 2214 2313 2268 lK,

649 2288 694 2327 &
715 2281 796 2326 erit
820 2284 859 2327 G
878 2317 892 2333 ‚
914 2281 1054 2345 prima
1075 2279 1267 2327 altitudo
1289 2299 1372 2347 pro
1394 2286 1599 2352 quinque
1616 2284 1789 2353 angulis
1816 2280 2038 2332 inferioris
2064 2282 2318 2350 pentagoni

646 2348 934 2395 Dodecaedri
962 2368 973 2400 3
993 2347 1114 2396 vnde
1141 2352 1285 2396 oritur
1304 2355 1494 2418 pyramis
1512 2370 1611 2421 quae
1631 2356 1840 2400 verticem
1860 2357 1992 2419 ponit
2012 2355 2058 2398 in
2083 2349 2107 2397 b
2132 2370 2144 2402 ,·
2164 2350 2316 2397 altitu-

642 2433 710 2463 ·no
733 2420 779 2464 H
795 2453 808 2470 ,
829 2419 910 2464 erit
928 2433 1009 2482 pro
1032 2414 1181 2464 solidis
1208 2419 1384 2487 angulis
1414 2417 1594 2467 secundi
1621 2420 1815 2479 ordinis,
1837 2420 1991 2489 quales
2016 2417 2115 2467 sunt
2141 2423 2188 2466 in
2220 2418 2318 2465 dia*

647 2501 899 2552 grammate
917 2488 989 2533 X.
1015 2486 1176 2554 n'oqtl3
1202 2486 1432 2536 altitudol
1455 2527 1468 2547 ‚
1497 2507 1583 2556 pro
1606 2490 1784 2558 angulis
1809 2489 1961 2536 solidis
1984 2491 2101 2550 tertij
2131 2487 2317 2542 ordiniS,

649 2552 800 2620 quales
835 2551 936 2600 sunt
962 2559 1010 2601 in
1027 2555 1204 2611 ,eodem
1235 2556 1561 2625 dia-grammate
1586 2561 1747 2631 mprsu
1771 2558 1998 2626 :denique
2025 2556 2221 2603 altitudo
2258 2557 2317 2610 K,

646 2638 730 2687 pro
750 2636 1021 2691 pentagono
1044 2619 1282 2688 superiori,
1303 2626 1425 2673 vnde
1443 2629 1586 2673 oritur
1605 2630 1798 2693 pyramis
1823 2642 1919 2694 quae
1945 2629 2155 2674 verticem
2183 2625 2318 2689 ponit

645 2693 694 2735 in
709 2708 747 2736 a.
766 2691 909 2749 Quod
928 2688 1096 2757 spectat
1117 2691 1173 2738 ad
1192 2690 1404 2758 diuersam
1425 2711 1563 2763 quam
1584 2694 1758 2742 habent
1787 2695 2008 2742 ditstarum
2037 2691 2322 2760 pyramidum

646 2763 789 2823 apices
811 2759 1120 2811 altitudinem
1146 2760 1237 2808 haec
1257 2752 1316 2810 e'st
1343 2763 1801 2831 quadruplex‚prima
1821 2761 1891 2810 seu
1906 2766 2092 2810 minima
2113 2763 2321 2808 omnium

647 2829 726 2872 crit
749 2832 779 2874 Ε
803 2865 816 2881 ,
836 2830 884 2875 in
911 2828 1028 2875 linea
1064 2831 1399 2898 ortographiae,
1421 2833 1647 2880 diminuta
1677 2851 1784 2881 vero
1814 2831 1885 2879 seu
1915 2836 1962 2878 in
1992 2827 2323 2897 scenographia

649 2896 732 2940 erit
753 2897 800 2941 in
823 2894 846 2942 b
869 2916 879 2948 3
901 2896 1089 2944 secunda
1110 2900 1156 2944 in
1182 2902 1209 2945 F
1230 2896 1476 2949 secundum
1495 2898 1783 2948 ⁴differentem
1812 2899 1945 2948 situm
1969 2899 2192 2946 diminuta
2225 2901 2271 2944 in
2294 2895 2320 2942 h

649 2963 729 3009 ilm
749 2983 759 3016 3
782 2968 909 3011 tertia
928 2965 984 3012 est
1006 2968 1052 3013 in
1075 2968 1134 3023 L,
1158 2983 1256 3034 quae
1275 2977 1318 3017 δε
1339 2972 1385 3016 in
1405 2967 1734 3038 scenographia
1747 2969 1927 3037 'vbique
1946 2967 2124 3036 aequalis
2140 2963 2218 3014 esse
2232 2981 2322 3012 cer-

650 3034 792 3090 nitur,
810 3033 866 3079 ad
885 3036 1055 3099 puncsta
1073 3035 1232 3103 cdefg,
1247 3040 1352 3104 quia
1375 3055 1530 3085 omnes
1550 3039 1678 3084 huius
1699 3038 1869 3085 ordinis
1888 3040 2031 3104 apices
2045 3036 2323 3083 conueniunt

652 3103 698 3146 in
726 3100 974 3168 horoptere
1006 3100 1078 3150 seu
1106 3103 1244 3169 plano
1271 3101 1372 3171 ipso
1400 3106 1524 3153 lineae
1561 3104 1862 3154 horizontalis
1901 3110 1950 3157 in
1989 3122 2079 3172 qua
2103 3104 2323 3170 pundhlm

651 3171 894 3235 principale
916 3169 973 3217 est
994 3169 1021 3216 d
1039 3191 1049 3217 z
1070 3188 1230 3238 quarta
1250 3171 1446 3243 denique
1469 3183 1512 3222 &
1535 3171 1738 3242 suprema
1757 3176 1962 3222 onmium
1980 3170 2174 3222 altitudo
2204 3170 2321 3218 estin

653 3240 729 3293 M,
750 3253 845 3304 quse
868 3242 913 3286 in
931 3235 1258 3308 scenographia
1281 3242 1338 3289 est
1361 3263 1387 3291 a
1406 3264 1416 3290 :
1437 3243 1736 3310 Quaequidem
1761 3246 1916 3291 omnia
1945 3238 1978 3290 s1
2007 3242 2119 3290 bene
2145 3241 2324 3305 capian-

653 3318 740 3363 tur,
765 3305 896 3355 facile
924 3310 1028 3363 erit,
1048 3325 1123 3375 per
1162 3312 1355 3375 primam
1378 3313 1508 3361 huius
1535 3311 1636 3360 libri
1663 3307 2026 3380 propositionem
2045 3347 2059 3367 ,
2091 3307 2164 3357 ista
2189 3307 2322 3374 plana
