2498 3898
587 220 638 276 ,ς
938 211 1614 268 THAVMATVRGI
1691 216 2022 289 0131101

1640 488 1655 577 ἓ

1639 579 1657 889 ῐ

1637 1149 1650 1203 ἔ

1636 1207 1650 1281 ἒ

1639 1284 1700 1334 {M

608 1518 835 1591 positum;
856 1540 966 1594 ergo
989 1541 1069 1593 per
1095 1521 1334 1594 septimum
1357 1524 1520 1574 lemma
1545 1523 1796 1594 praecedens
1825 1521 1964 1576 scistio
1983 1530 2091 1577 DH
2105 1531 2147 1578 C
2165 1524 2305 1575 circui

607 1593 676 1642 lus
702 1592 764 1641 est
778 1629 795 1651 ‚
829 1594 959 1663 quod
985 1610 1077 1642 erat
1099 1594 1525 1643 demonstrandum.
2299 1592 2303 1593 ⁷

602 1698 606 1702 -
673 1663 769 1712 Hic
790 1678 940 1713 autem
969 1663 1115 1730 potest
1145 1663 1445 1713 animaduerti
1472 1666 1521 1712 in
1551 1663 1716 1712 eodem
1737 1664 2089 1733 diagrammate,
2108 1681 2162 1714 vt
2182 1667 2221 1714 A
2239 1668 2295 1717 M

602 1730 664 1780 ad
683 1735 737 1783 M
753 1734 806 1790 B,
830 1734 896 1780 ita
916 1733 1000 1782 effe
1023 1739 1061 1784 A
1077 1738 1118 1783 C
1143 1732 1201 1780 ad
1223 1737 1322 1783 CD
1347 1770 1361 1792 ,
1390 1751 1442 1780 ex
1471 1755 1515 1794 4.
1543 1731 1684 1791 sexti,
1717 1741 1762 1781 ὃς
1784 1735 1888 1781 ideo
1912 1733 1970 1782 ad
1990 1733 2295 1804 problematis

602 1801 737 1851 huius
754 1804 926 1871 praxim
944 1804 1134 1853 inuenti
1153 1802 1303 1850 media
1321 1801 1666 1871 proportionali
1682 1802 1822 1863 NQ,
1847 1817 1899 1851 vt
1917 1804 1967 1850 in
1989 1804 2297 1874 diagramma-

604 1885 649 1919 te
669 1876 713 1921 V
728 1874 761 1920 1.
779 1869 870 1919 fieri
889 1869 1053 1920 debere
1073 1874 1351 1930 monuimus,
1365 1889 1441 1938 per
1466 1891 1515 1918 υ.
1540 1869 1670 1929 sexti,
1684 1886 1735 1919 vt
1757 1873 1789 1918 P
1807 1874 1855 1920 N
1877 1871 1935 1920 ad
1953 1875 2001 1921 N
2015 1874 2095 1935 Q,
2111 1876 2177 1920 ita
2190 1874 2235 1921 N
2250 1877 2295 1923 R

601 1934 694 1989 fiue
714 1943 748 1988 E
767 1944 806 1990 A
829 1939 889 1988 ad
906 1959 982 2000 ae,
1004 1950 1049 1992 &
1073 1945 1238 1990 circum
1256 1958 1312 1988 ae
1328 1956 1379 1990 vt
1412 1939 1687 1990 diametrum
1701 1977 1715 1998 ‚
1738 1939 1772 1987 si
1798 1935 2071 1991 describatur
2088 1940 2293 2001 circulus,

600 2008 676 2057 hic
694 2013 776 2057 erit
797 2008 1124 2081 scenographia
1141 2005 1370 2079 requisita.
1997 2007 2004 2011 ’

668 2079 821 2127 Potest
838 2095 989 2129 autem
1009 2097 1084 2148 per
1105 2079 1457 2127 instrumentum
1475 2081 1675 2146 partium
1697 2075 1769 2126 seu
1794 2080 2009 2127 circinum
2025 2081 2292 2147 proportio-

597 2162 707 2197 num
734 2164 900 2219 quarta
926 2147 1283 2217 proportionalis
1313 2149 1504 2195 inueniri
1530 2145 1742 2197 facillime
1771 2147 1862 2196 hoc
1893 2147 2041 2196 modo
2070 2146 2289 2198 :sumatur

597 2220 743 2282 prima
768 2238 796 2266 v
807 2236 867 2287 .g.
881 2222 929 2268 N
943 2220 976 2267 P
989 2256 1002 2278 ,
1015 2221 1186 2267 circino
1199 2215 1637 2285 communi‚eiusque
1654 2216 1909 2285 longitudo
1927 2217 2202 2266 statuaturin
2218 2216 2290 2264 al-

598 2300 697 2333 tero
719 2289 872 2335 circini
892 2289 1248 2356 proportionum
1272 2289 1479 2342 crure‚in
1503 2285 1618 2334 linea
1645 2286 1924 2334 diuilionum
1942 2285 2206 2355 aequalium,
2225 2289 2294 2335 vi-

594 2352 849 2426 deaturque
870 2373 990 2425 quot
1010 2356 1124 2405 illius
1151 2371 1296 2424 partes
1318 2357 1552 2403 contineat
1574 2375 1586 2408 3
1613 2352 1927 2424 supponamus
1946 2355 2140 2422 exempli
2163 2352 2291 2402 causa

597 2433 641 2471 18
651 2442 668 2483 ς
688 2440 835 2491 partes
859 2427 1051 2495 aequales
1078 2424 1404 2476 c011tinere32d
1426 2423 1551 2472 hunc
1569 2441 1810 2471 numerum
1834 2428 1880 2470 in
1901 2423 2057 2471 eadem
2077 2424 2197 2471 linea
2215 2423 2291 2471 di—

592 2491 820 2542 uilionum
844 2497 1085 2563 aequalium
1102 2490 1348 2541 transuerse
1365 2493 1580 2540 statuatur
1597 2490 1788 2539 secunda
1807 2495 1850 2540 N
1863 2492 1913 2549 Q
1932 2494 2088 2544 ·‚tertia
2113 2492 2288 2540 deinde

592 2563 638 2609 N
652 2566 694 2612 R
707 2599 720 2617 ‚
737 2562 826 2609 hoc
846 2563 905 2610 est
925 2566 960 2610 E
973 2566 1009 2612 A
1023 2600 1036 2621 ‚
1056 2563 1253 2610 sumatur
1272 2600 1285 2620 ,
1311 2561 1612 2630 videaturque
1646 2576 1765 2629 quot
1794 2561 2050 2609 earumdem
2078 2562 2281 2628 partium

590 2630 828 2700 aequalium
846 2635 1080 2681 contineat
1102 2635 1149 2678 in
1169 2632 1383 2698 praedieca
1410 2630 1699 2678 instrumenti
1727 2629 1872 2689 linea,
1890 2629 2043 2700 fitque
2065 2648 2109 2678 v.
2133 2647 2179 2698 g.
2200 2647 2282 2687 90,

590 2699 647 2747 ad
675 2701 799 2750 hunc
825 2718 1065 2750 numerum
1086 2739 1101 2757 ,
1125 2716 1342 2748 manente
1371 2703 1569 2747 immoto
1606 2702 1776 2747 circino
1809 2701 2176 2768 proportionum
2197 2735 2211 2757 ,
2248 2693 2283 2746 fi

591 2767 834 2818 transuerse
853 2774 1040 2819 circinus
1057 2773 1310 2819 communis
1328 2768 1605 2836 applicetur,
1623 2767 1714 2816 hoc
1736 2768 1796 2816 est
1812 2765 1838 2816 Ξι
1853 2784 2045 2817 numero
2067 2785 2129 2825 90
2151 2770 2282 2815 vnius

590 2840 724 2885 cruris
742 2839 800 2886 ad
821 2858 880 2896 90
911 2838 1109 2899 alterius,
1131 2842 1319 2906 excipiet
1347 2836 1685 2907 longitudinem
1718 2853 1887 2907 quartae
1914 2836 2281 2904 proportionalis

585 2906 806 2973 requisitae
816 2911 1000 2966 ae,circa
1011 2927 1151 2979 quam
1163 2923 1212 2957 vt
1223 2909 1491 2956 diametrum
1504 2902 1536 2954 si
1549 2903 1821 2954 describatur
1832 2904 2107 2953 circulusabc
2121 2903 2274 2974 defigi),

586 2975 678 3041 ipse
706 2980 789 3024 erit
837 2977 1193 3048 scenographica
1226 2977 1470 3024 delineatio
1499 2975 1647 3023 circuli
1681 2977 1814 3024 ΑΒΕ
1829 2979 1870 3023 D
1885 2981 1914 3023 fi
1931 2976 1958 3021 F
1975 2979 2012 3024 G
2032 2978 2078 3022 H
2120 2977 2169 3022 in
2207 2990 2277 3021 ra-

586 3040 696 3094 bula
715 3045 970 3113 proposita.
2278 3048 2284 3054 ⁸

652 3119 823 3162 Verum
849 3119 957 3183 quia
977 3125 1021 3164 &
1050 3114 1259 3162 inuentio
1280 3130 1452 3183 quarrae
1479 3112 1843 3180 proportionalis
1875 3111 2108 3161 necessaria
2139 3108 2201 3156 est
2220 3108 2280 3155 ad

587 3199 681 3230 eam
728 3186 901 3250 praxim
945 3201 1087 3253 quam
1114 3185 1347 3250 attigimus
1385 3186 1432 3230 in
1458 3183 1718 3232 Corollatio
1748 3184 1897 3248 primo
1934 3180 2064 3229 sena:
2097 3196 2275 3246 propo—

584 3245 758 3300 sitionis
802 3261 845 3301 &
888 3256 977 3303 iam
1028 3257 1117 3300 iam
1153 3252 1289 3300 fufius
1320 3251 1667 3319 explicabimus,
1734 3253 1847 3300 Ideo
1894 3268 1945 3300 vt
1985 3247 2272 3299 Geometri'ce*
