2498 3898
603 244 678 275 110
866 227 1536 276 THAVMAT'VRGI
1616 228 1950 278 OPTsslCI

604 291 852 344 realibus&
878 300 1171 345 Geometricis
1189 296 1375 350 hauriri,
1392 292 1425 341 si
1450 297 1760 346 determinatas
1784 294 2015 356 habuerit,
2042 296 2281 367 ex'quibus

604 362 771 411 habitis
790 365 934 432 potest
952 367 1141 430 operari,
1162 380 1210 412 νε
1229 381 1306 430 per
1329 363 1524 433 singulas
1548 364 1676 412 huius
1707 366 1809 413 libri
1833 367 2180 434 propositiones.
2201 383 2286 433 pti-¹

607 447 694 490 tet,
711 433 790 488 vbi
808 431 903 481 vsus
927 442 969 480 δε
995 437 1138 498 praxis
1161 432 1286 479 liuius
1304 433 1458 481 nostine
1483 433 1689 482 methodi
1708 433 2094 485 satisin.notescit.'
2124 456 2126 458 ¹
2175 472 2182 477 .
2283 467 2286 472 -

675 504 912 565 Quantum
932 519 1036 548 vcro
1057 502 1112 548 ad
1132 502 1384 550 Theoriam
1403 507 1565 550 attinet
1579 539 1590 558 ‚
1611 501 1711 551 satis
1741 503 1939 551 dilucide
1964 525 2063 553 cum
2090 502 2173 553 suis
2202 505 2283 552 (ξε-

607 569 1007 619 monstrationibus
1034 571 1147 617 mihi
1174 571 1349 618 videtur
1375 571 1590 639 explicata
1609 611 1622 631 ,
1651 577 1697 619 in
1727 569 2289 639 propositionibus‘.sexta,:

612 639 820 708 septima,
835 638 1004 685 decima
1023 655 1148 686 nona
1166 676 1178 697 ,
1201 642 1416 707 vigesima
1435 644 1577 708 prima
1604 651 1648 690 δε
1668 645 1715 689 in
1737 639 1963 710 aliquibus
1994 643 2072 690 alis
2095 663 2106 690 .·
2127 660 2289 691 verum

611 713 714 778 quia
733 707 899 774 semper
918 705 1234 774 supponimus,
1253 724 1303 754 νε
1333 708 1389 755 ad
1413 709 1542 756 huius
1559 710 1676 757 artis
1704 711 2003 778 praescriptum
2029 709 2288 778 operiemur,

612 775 731 825 oculi
750 775 1233 846 altitudinem,eiusque
1249 773 1273 823 Ξι
1292 776 1492 825 seditione
1511 777 1767 825 distantiam
1785 778 1868 826 effe
1889 780 2040 836 daras,
2055 778 2294 850 sicqumdra

609 848 777 894 stantiae
794 848 1015 911 punctum
1028 862 1102 902 ‚vt
1121 846 1338 904 diximus,
1351 849 1405 893 in
1419 846 1572 893 eadem
1587 848 1804 912 apum-sto
1829 851 2042 913 primario
2063 850 2297 908 distantia?

614 920 659 962 in
683 912 963 963 horizonrali
991 914 1328 973 constituimus,
1345 913 1760 984 .qufi.·supponimus
1787 912 2291 985 reiiera'intueiitis.pe-

616 986 719 1032 dem
738 981 763 1031 ὲ
780 981 1031 1030 vitrei-basi
1054 983 1210 1031 distare
1234 984 1660 1051 perpendiculariter
1679 1022 1691 1043 ‚
1721 985 1815 1032 fieri
1840 987 1989 1050 potest
2015 984 2210 1055 spatium
2229 1004 2294 1036 ta-

615 1054 746 1111 bulae‚
769 1049 840 1101 seu
861 1050 1070 1100 sedtionis
1093 1057 1155 1100 ita
1179 1072 1228 1100 ex
1254 1056 1383 1100 omni
1408 1069 1534 1120 parte
1559 1053 1909 1104 determinatum
1939 1065 1984 1104 &
2007 1060 2291 1105 contratrum

617 1121 697 1170 effe
711 1159 722 1179 ,
751 1128 801 1170 νέ
819 1123 865 1167 in
887 1139 941 1168 eo
961 1125 1183 1189 punctum
1201 1122 1416 1170 distantiae
1438 1118 1681 1171 secundum
1705 1122 1931 1176 mensuras
1950 1126 2083 1173 reales
2106 1135 2150 1175 δε
2171 1142 2294 1174 veras

616 1209 713 1239 non
734 1189 868 1258 poffit
887 1190 1096 1240 collocari
1118 1213 1128 1245 ·,
1152 1197 1297 1240 immo
1323 1208 1473 1260 neque
1498 1195 1546 1239 in
1574 1185 1667 1258 ipsa
1695 1192 1980 1242 horizontali
2011 1210 2133 1242 extra
2161 1194 2294 1242 rabu-

616 1259 729 1318 lam,
752 1257 785 1307 si
803 1259 968 1308 necesse
982 1257 1125 1319 foret,
1144 1261 1367 1328 produita
1386 1283 1399 1313 ,-
1423 1261 1613 1327 exempli
1629 1263 1795 1329 gratia,
1814 1259 1850 1309 si
1871 1263 2007 1310 nobis
2027 1263 2198 1331 aliquid
2209 1260 2294 1310 sce-

619 1328 902 1398 nogtaph-ice
936 1328 1255 1378 delineandum
1294 1344 1630 1396 proponeretur
1663 1333 1712 1376 iri
1750 1334 1893 1398 capite
1925 1331 2204 1379 ainbulac'hri'
2227 1330 2301 1379 seu

622 1402 819 1467 porticus
842 1397 1025 1443 alicuius
1052 1398 1349 1468 oblongae,in
1368 1414 1457 1465 qua
1472 1396 1662 1464 planum
1682 1397 1846 1448 tabulae
1865 1397 1938 1447 seu
1955 1400 2060 1448 data
2078 1399 2214 1448 festio
2236 1402 2301 1448 la-

624 1464 834 1515 teralibus
855 1467 1070 1533 vtrinque
1088 1471 1221 1515 muris
1252 1466 1632 1535 constringeretur
1651 1486 1661 1519 3
1677 1484 1794 1515 certe
1819 1468 1875 1517 ad
1901 1467 1989 1516 hoc
2016 1470 2194 1517 videtur
2215 1488 2299 1516 ne-

622 1534 1042 1584 ceffariainethodus
1058 1534 1206 1605 aliqua
1225 1534 1570 1603 scenographice
1589 1535 1844 1584 delineandi
1873 1537 2054 1586 obiecta
2072 1555 2300 1606 quaecun-

623 1623 732 1674 que,
755 1603 915 1652 habito
935 1602 1106 1671 semper
1131 1602 1333 1672 respectu
1359 1604 1417 1650 ad
1442 1604 1790 1652 circumstantias
1816 1606 2064 1655 altitudinis
2081 1607 2199 1654 oculi
2220 1625 2302 1653 nec

623 1692 722 1721 non
744 1671 1268 1741 &edistantiae,quamuis
1286 1676 1332 1720 in
1350 1671 1451 1740 ipso
1471 1671 1633 1720 tabulre
1653 1672 1792 1738 plano
1814 1673 2057 1724 secundum
2077 1673 2302 1724 mensuras

625 1741 756 1791 reales
776 1745 998 1809 punitum
1013 1742 1124 1790 illud
1143 1742 1360 1790 distantiae
1378 1759 1576 1811 nequeat
1597 1741 1822 1792 collocari.

693 1816 766 1861 De
789 1827 883 1879 quo
904 1810 1075 1878 possem
1099 1821 1142 1860 &
1169 1830 1278 1881 ego,
1298 1811 1410 1858 ficut
1433 1814 1533 1874 aiij,
1558 1815 1732 1878 praxim
1753 1815 1954 1886 aliquam
1979 1832 2079 1863 non
2105 1816 2301 1862 omnino

628 1880 840 1930 vlitaram
859 1880 1121 1928 adiuuenire
1141 1884 1185 1929 ’δε-
1212 1884 1259 1928 in
1278 1879 1479 1927 medium
1500 1879 1716 1947 profesre,
1733 1886 1959 1932 mutando
1976 1880 2181 1933 videlicet
2193 1899 2310 1930 non-

630 1949 774 2005 nulla,
795 1953 936 2001 imino
957 1947 1145 1998 forsitan
1168 1959 1212 1999 &
1237 1948 1449 1998 addendo
1479 1947 1682 2000 faciliora
1708 1951 1765 2000 ad
1797 1973 1846 2002 ea
1872 1971 1972 2024 quae
1999 1969 2096 2000 tui-ri
2124 1967 2310 2009 veteres,

631 2035 728 2066 tum
754 2025 1019 2067 recentiores
1047 2021 1182 2068 nobis
1212 2018 1485 2089 proposuere
1505 2040 1516 2075 3
1536 2019 1690 2068 melius
1712 2036 1865 2071 tamen
1900 2022 2052 2070 visum-
2080 2022 2138 2071 est
2163 2021 2236 2068 hic
2261 2022 2309 2068 in

630 2089 955 2154 compendium
975 2089 1194 2137 adducere
1215 2107 1314 2158 quae
1332 2107 1416 2157 pro
1436 2089 1514 2137 ista
1535 2093 1662 2156 praxi
1679 2095 1823 2161 magis
1849 2091 2097 2140 commoda
2118 2100 2162 2140 δε
2184 2107 2313 2156 expe-

633 2157 727 2204 dita
745 2156 939 2207 indicaui
959 2159 1006 2204 in
1023 2159 1256 2206 methodis
1279 2159 1361 2206 illis
1385 2156 1710 2207 vniuersalibus
1729 2197 1742 2217 ‚
1771 2160 1827 2209 de
1855 2160 2019 2230 quibus
2045 2175 2137 2207 tam
2166 2157 2311 2206 vehe-

633 2244 760 2274 mens
779 2230 896 2274 inter
919 2244 995 2273 eos
1016 2231 1095 2296 qui
1119 2225 1161 2275 se
1181 2227 1356 2276 illarum
1376 2226 1590 2276 authores
1622 2229 1780 2277 dicunt
1809 2230 1980 2277 oborta
2007 2224 2311 2276 controuersia

633 2293 718 2341 est:
741 2296 1011 2365 Paradigma
1027 2299 1166 2366 igitur
1185 2297 1257 2344 seu
1277 2295 1528 2362 exemplum
1547 2315 1690 2345 vnum
1714 2297 1952 2346 delineabo
1970 2298 2024 2345 de
2054 2294 2206 2344 solidis
2234 2295 2315 2342 illis

637 2363 906 2431 regularibus
922 2402 935 2422 ,
976 2381 1074 2432 quae
1101 2364 1454 2435 scenographice
1480 2364 1505 2413 ὲ
1530 2365 1666 2414 nobis
1690 2370 1780 2415 iam
1812 2367 2077 2416 adumbrata
2093 2364 2243 2418 vidisti
2265 2368 2315 2411 in

634 2432 988 2499 praecedentibus
1008 2434 1140 2482 huius
1159 2435 1261 2484 libri
1282 2429 1678 2503 propositionibus
1695 2453 1706 2488 3
1727 2434 1759 2483 si
1780 2452 1934 2484 tamen
1955 2439 2073 2503 prius
2103 2433 2315 2482 animad—

635 2517 808 2548 uertero
825 2520 924 2549 non
945 2501 1028 2550 effe
1046 2503 1160 2550 ad’eo
1180 2522 1351 2552 nouam
1370 2513 1414 2552 ὃς
1429 2502 1652 2570 prioribus
1675 2502 1965 2571 Perspeetiuae
1982 2499 2316 2570 pracCticae‚scri-

637 2570 869 2635 latoribus,
893 2586 944 2618 νε
962 2572 1129 2619 volunt
1147 2572 1350 2639 plurimi,
1368 2577 1543 2639 praxim
1561 2572 1687 2619 istam
1705 2569 2056 2642 scenographice
2080 2570 2318 2619 delinean-

641 2636 687 2685 di
707 2636 941 2686 obiectum
961 2640 1278 2710 quodcunque
1297 2642 1456 2689 datum
1480 2660 1531 2688 ex
1552 2644 1712 2707 quauis
1730 2641 1956 2700 distantia,
1971 2644 2017 2688 in
2036 2638 2321 2688 setstioneda-

642 2723 705 2761 ta,
724 2705 900 2753 etiamsi
918 2710 966 2754 in
989 2708 1063 2756 illa
1080 2708 1296 2757 distantia:
1321 2712 1545 2778 puntfi‘mm
1560 2710 1803 2757 secundum
1821 2710 2045 2758 mensuras
2063 2708 2195 2756 reales
2219 2725 2320 2755 non

642 2773 775 2841 possit
794 2775 1029 2834 collocari,
1050 2774 1221 2847 absque
1241 2797 1296 2827 eo
1318 2778 1447 2848 quod
1465 2777 1637 2827 necesse
1660 2776 1715 2826 sit
1743 2779 1901 2848 aliquo
1927 2779 2069 2826 modo
2102 2793 2224 2825 extra
2249 2793 2323 2823 ta·-

644 2844 793 2892 bularn
820 2847 869 2891 in
899 2851 1168 2912 operatione
1196 2865 1435 2896 excurrere.
1481 2851 1599 2897 Non
1626 2848 1684 2896 est
1712 2851 1903 2916 inquam
1929 2851 2072 2914 praxis
2099 2846 2177 2893 ista
2208 2846 2321 2893 adeo

646 2929 768 2960 noua
786 2950 797 2968 ‚
828 2930 878 2960 νε
904 2915 1067 2964 volunt
1098 2935 1149 2963 ex
1181 2918 1506 2964 recentioribus
1531 2916 1778 2975 nonnulli,
1802 2915 2182 2984 quandoquidem
2205 2923 2248 2962 δε
2268 2913 2325 2961 de

646 3000 692 3029 ea
715 2985 761 3030 P.
785 2985 989 3050 Ignatius
1010 2988 1154 3034 Danti
1174 2982 1343 3051 scripsit
1360 2984 1584 3033 nonnihil
1609 2989 1656 3033 in
1684 2982 1769 3032 suis
1795 2984 1853 3032 ad
1878 2987 2047 3048 Barocij
2078 2980 2326 3050 Perspecti-
2385 3007 2389 3012 ·

646 3068 750 3098 uam
769 3055 1175 3111 commmentariis‚
1196 3062 1240 3102 &
1263 3049 1395 3120 ipsius
1414 3053 1684 3102 methodum
1702 3053 1840 3101 tradit
1869 3057 1917 3101 in
1944 3049 2326 3101 annotationibus

650 3119 706 3165 ad
727 3119 907 3187 Regula:
925 3125 1076 3186 primae
1097 3120 1345 3189 capitulum
1366 3121 1564 3181 sextum,
1584 3138 1634 3169 vt
1656 3122 1827 3190 patebit
1846 3120 2047 3169 studioso
2066 3122 2225 3168 leetori
2247 3123 2324 3185 qui

651 3187 774 3234 volet
795 3191 981 3235 citatum
1001 3186 1245 3238 consulere.
1275 3195 1429 3240 Petrus
1454 3192 1686 3239 Accoltius
1709 3191 1844 3239 nobis
1862 3189 2146 3239 Florentinus
2169 3192 2215 3235 iri
2247 3187 2326 3236 suo

652 3274 808 3321 opere,
828 3259 897 3312 cui
919 3257 1075 3305 titulus
1095 3258 1174 3315 est,
1202 3263 1374 3328 Inganno
1395 3259 1440 3307 de
1452 3262 1512 3326 gli
1530 3261 1652 3315 occln',
1675 3274 1768 3317 &a
1794 3259 1916 3307 edito
1949 3261 2184 3307 Florentiae
2204 3274 2328 3304 anno

657 3335 787 3384 ¹625,
807 3323 905 3374 satis
924 3326 1168 3376 dilucidum
1187 3337 1230 3379 δε
1254 3329 1457 3398 amplum
1476 3327 1717 3379 discursum
1736 3329 1923 3378 instituit
1946 3337 1988 3377 &
2011 3325 2252 3396 quomodo
2280 3329 2329 3373 iri
