2498 3898
611 261 664 301 γι
856 247 1580 310 ‘THAVMATVRGI
1657 250 1974 297 OPTICI

609 310 886 378 diaphanum
912 323 956 361 ὃς
985 313 1145 380 pedam
1165 353 1177 369 ,
1205 318 1265 361 ita
1295 315 1492 365 altitudo
1523 316 1645 363 realis
1665 320 1825 383 punsti
1844 314 2043 364 sublimis
2063 314 2120 362 ad
2141 314 2277 363 aliam

608 381 774 427 lineam
795 382 916 432 3-htec
935 381 1132 430 similiter
1155 387 1234 431 erit
1255 383 1451 433 altitudo
1471 402 1687 454 appatens
1709 390 1916 455 imaginis
1936 385 2067 452 ipsius
2086 389 2135 432 in
2156 404 2278 435 com-

609 452 733 498 muni
764 446 960 497 sectione
987 452 1204 518 diaphani
1232 463 1275 502 δε
1310 455 1419 518 radij
1452 458 1507 503 ad
1531 453 1644 502 illud
1661 455 1863 502 destinati
1884 451 2009 521 supra
2028 458 2277 523 imaginem

610 515 722 567 basis
745 522 859 570 eius;
884 524 990 587 quia
1007 524 1217 570 nimirum
1239 525 1395 571 eadem
1418 527 1665 593 vtro‘bique
1683 529 1797 571 ratio
1820 523 2036 576 estsvnde
2055 524 2280 594 &absque

611 588 796 635 aliarum
809 587 1026 636 linearum
1057 591 1328 639 adminiculo
1357 597 1474 642 redte
1504 593 1648 661 potest
1674 596 1866 640 inueniri
1892 609 2053 660 quarta
2081 610 2282 662 propor-

613 658 795 705 tionalis
813 656 868 704 ad
892 672 973 704 tres
995 658 1135 714 dataz,
1154 670 1198 707 ὃς
1220 660 1278 709 lic
1296 660 1516 710 eiusmodi
1542 662 1726 732 quaefita
1747 662 1944 709 altitudo
1964 678 2183 729 apparens
2201 663 2283 717 de-

612 724 752 784 finiri,
775 727 845 774 vel
865 743 942 793 per
966 728 1328 794 propositionem
1357 731 1574 778 decimam
1600 730 1855 797 septimam,
1875 729 1947 778 seu
1967 730 2130 778 lemma
2163 732 2285 779 deci-

612 812 738 843 mum
759 795 888 865 quod
909 795 1212 863 praemisimuS,
1230 798 1298 848 vel
1328 803 1461 846 etiam
1487 817 1565 867 per
1590 801 1933 848 instrumentum
1960 803 2159 866 partium
2189 799 2282 848 hoc

613 864 773 913 modo.

686 937 739 982 ln
768 935 1099 1004 diagrammate
1132 939 1192 984 X.
1219 957 1269 986 ex
1293 939 1477 988 Tabula
1505 960 1534 1000 ς.
1568 936 1681 985 datis
1711 936 1849 983 tribus
1879 934 2006 986 lineis
2037 941 2158 996 AD,
2178 941 2279 1000 AB,

618 1004 691 1049 FE
711 1041 724 1062 ,
749 1001 1035 1072 propositum
1062 1002 1117 1053 sit
1146 1023 1355 1075 quartam
1390 1005 1780 1077 proportionalem
1808 1010 2010 1055 inuenire
2034 1044 2046 1063 ‚
2074 1009 2288 1056 nimirum

617 1075 646 1118 F
664 1077 726 1131 G,
752 1070 809 1121 sic
827 1089 878 1121 vt
897 1075 1283 1141 quemadmodum
1302 1074 1343 1125 se
1365 1077 1504 1126 habet
1526 1078 1618 1124 AD
1645 1075 1841 1123 altitudo
1860 1077 1994 1137 oculi,
2004 1075 2060 1123 ad
2078 1081 2116 1124 A
2130 1077 2161 1122 B
2187 1078 2289 1124 alti*

616 1141 824 1191 tudinem
846 1144 1005 1191 realem
1023 1147 1180 1212 punisti
1197 1143 1419 1205 sublimis,
1437 1150 1500 1194 ita
1525 1143 1604 1192 fiat
1632 1150 1707 1195 PE
1737 1145 1794 1193 ad
1825 1149 1851 1191 F
1866 1149 1906 1192 G
1938 1166 1948 1192 ε
1969 1145 2174 1195 videatur
2193 1150 2289 1213 pri-

615 1207 743 1258 mum
761 1215 810 1260 in
827 1212 1123 1261 instrumento
1141 1214 1197 1262 ad
1212 1217 1377 1265 lineam
1399 1213 1676 1263 diuisionum
1695 1213 1932 1283 :equalium
1953 1231 2070 1284 quot
2092 1213 2289 1262 eiusmo-

617 1279 664 1325 di
680 1297 824 1346 partes
842 1286 1071 1330 contineat
1090 1289 1234 1349 prima
1252 1286 1368 1333 linea
1387 1289 1425 1334 A
1439 1289 1508 1341 D,
1530 1280 1921 1352 supponamusque
1942 1285 2059 1332 hanc
2085 1283 2109 1331 a
2129 1301 2286 1331 centro

616 1347 673 1395 ad
692 1366 926 1399 numerum
953 1371 990 1411 53
1012 1356 1260 1418 peruenire,
1286 1353 1358 1401 seu
1379 1374 1414 1414 53
1437 1347 1658 1400 eiusmodi
1684 1367 1826 1419 partes
1849 1357 2079 1400 continere
2103 1377 2112 1401 :
2133 1352 2191 1400 ad
2202 1352 2291 1400 hu-

617 1419 685 1464 ius
703 1420 839 1487 igitur
858 1423 1032 1467 numeri
1052 1438 1089 1481 53
1113 1438 1362 1489 aperturam
1380 1423 1487 1469 hinc
1506 1420 1611 1468 inde
1632 1418 1881 1468 transuerse*
1899 1422 2112 1468 statuatur
2130 1418 2292 1485 secun-

617 1484 674 1532 da
699 1486 814 1534 linea
841 1490 949 1537 AB:
970 1488 1130 1536 deinde
1156 1487 1292 1538 rursus
1314 1490 1522 1539 videatur
1561 1505 1678 1558 quot
1705 1505 1851 1555 partes
1875 1487 1948 1537 seu
1974 1488 2211 1540 diuisiones
2239 1492 2291 1538 in

618 1554 774 1603 eadem
795 1556 913 1604 linea
930 1557 1173 1607 instrumen
1183 1562 1215 1606 ti
1241 1564 1477 1608 contineat
1506 1563 1631 1606 tertia
1659 1558 1777 1605 linea
1798 1564 1824 1606 F
1841 1563 1902 1616 E,
1923 1561 2208 1628 cognitoque
2232 1559 2293 1606 il-

617 1624 709 1673 lam
728 1644 759 1684 4
768 1644 782 1687 5
803 1629 1061 1686 continere,
1082 1626 1323 1677 transuerso
1341 1625 1537 1676 sumatur
1555 1626 1750 1694 spatium
1770 1629 1884 1684 inter
1914 1645 2148 1676 numerum
2177 1649 2222 1688 43
2246 1637 2290 1677 &

619 1714 672 1755 43
707 1693 816 1742 hinc
844 1693 953 1744 inde
975 1717 987 1750 ;
1010 1695 1254 1747 habebitur
1281 1713 1442 1769 quarta
1464 1695 1823 1764 proportionalis
1851 1694 2086 1766 requisita,
2108 1695 2178 1746 vel
2198 1697 2291 1744 alio

620 1762 782 1811 mode.

688 1835 897 1882 Sumatur
916 1840 1056 1902 prima
1072 1837 1190 1885 linea
1209 1840 1247 1887 A
1260 1843 1330 1896 D,
1343 1838 1647 1906 statuaturque
1662 1838 1719 1885 ad
1750 1851 1944 1884 extrema
1973 1839 2145 1904 puniita
2163 1833 2294 1881 lineae

621 1906 818 1970 partium
835 1903 1070 1972 aequalium
1094 1909 1143 1954 in
1170 1907 1470 1956 instrumento
1489 1943 1502 1965 ,
1529 1923 1626 1975 quo
1653 1921 1867 1954 manente
1892 1903 1950 1952 sic
1979 1909 2207 1959 imm0t0,
2223 1906 2298 1952 vi—

621 1971 780 2019 deatur
800 1972 857 2020 ad
878 1989 1012 2043 quem
1031 1992 1269 2025 numerum
1296 1993 1518 2044 congruat
1542 1974 1789 2046 longitudo
1818 1972 2016 2024 secunda:
2044 1974 2170 2022 lineae
2199 1973 2299 2031 AB,

623 2056 668 2088 v.
691 2059 737 2110 g.
756 2043 805 2089 in
829 2043 1127 2092 instrumento
1146 2045 1273 2114 quod
1293 2045 1482 2093 diuisum
1499 2047 1558 2094 est
1580 2050 1628 2093 in
1660 2058 1802 2112 partes
1829 2041 2022 2112 aequales
2056 2061 2168 2090 200.
2188 2039 2221 2089 si
2237 2041 2298 2090 ad

625 2124 824 2159 extrema
840 2110 998 2160 harum
1022 2112 1300 2163 diuisionurn
1325 2117 1497 2182 pumera
1524 2116 1735 2162 statuatur
1758 2111 1873 2160 linea
1890 2115 2008 2169 AD,
2027 2115 2297 2178 reperiatur·

626 2194 715 2246 que
733 2182 773 2229 A
789 2182 819 2227 B
843 2198 1091 2251 congruere
1109 2183 1166 2231 ad
1188 2200 1334 2251 partes
1355 2194 1434 2231 126
1447 2221 1460 2241 ‚
1477 2200 1572 2252 quo
1589 2198 1754 2231 notato
1772 2181 1912 2229 statue
1931 2184 2109 2227 tertiam
2132 2183 2160 2227 F
2174 2185 2205 2228 E
2218 2178 2299 2234 ,ad

627 2262 820 2297 extrema
834 2248 1007 2300 illarum
1026 2255 1197 2319 puncsta
1217 2270 1336 2313 200,
1357 2262 1401 2302 &
1421 2249 1545 2300 sume
1564 2250 1754 2319 spatium
1771 2253 1888 2297 inter
1913 2259 1993 2312 126
2021 2257 2065 2298 δε
2093 2258 2199 2309 ηῤ,
2220 2263 2300 2294 nu-

626 2333 796 2365 merum
818 2322 937 2385 prius
953 2336 1193 2376 notatum5
1212 2322 1306 2370 haec
1327 2324 1408 2370 erit
1431 2338 1593 2390 quarta
1618 2317 1977 2389 proportionalis
1995 2338 2006 2371 3
2028 2318 2227 2387 ideoque
2247 2335 2299 2363 ex

627 2384 939 2435 demonstratis
953 2386 1145 2457 superius
1163 2407 1256 2439 tam
1274 2394 1322 2438 in
1342 2390 1664 2458 propositione
1692 2397 1738 2436 18
1755 2425 1768 2446 ‚
1786 2404 1921 2457 quam
1949 2389 1996 2434 in
2024 2386 2110 2434 hac
2132 2381 2300 2456 vigesi-

627 2472 701 2502 ma
727 2457 895 2523 prima,
917 2461 996 2507 erit
1029 2462 1165 2508 etiam
1191 2459 1390 2508 altitudo
1413 2476 1631 2526 apparens
1657 2460 1816 2524 puncti
1844 2453 2044 2503 sublimis
2072 2451 2299 2524 requisita,

628 2539 766 2590 quam
792 2527 841 2572 in
871 2523 952 2575 suo
981 2529 1087 2576 loco
1111 2529 1279 2577 statues
1300 2566 1314 2587 ,
1342 2537 1386 2577 δε
1415 2526 1475 2577 fic
1502 2525 1739 2596 operando
1769 2529 1818 2572 in
1844 2523 1937 2571 aliis
1955 2522 2156 2572 tabulam
2174 2539 2300 2571 tuam

626 2609 797 2661 magna
818 2592 1038 2654 linearum
1063 2594 1585 2647 confusioneliberabis:
1609 2592 1684 2644 sed
1706 2592 1798 2643 haec
1822 2591 1925 2641 sunt
1949 2592 2134 2640 clariora
2159 2608 2299 2660 quam

628 2676 679 2710 vt
696 2679 810 2728 opus
831 2661 884 2709 fit
903 2663 1067 2713 diutius
1086 2670 1133 2714 in
1163 2668 1215 2714 iis
1231 2669 1487 2725 immorari,
1505 2664 1729 2734 siquidem
1759 2671 1803 2712 &
1824 2661 1883 2713 ad
1904 2663 2153 2714 Theoriam
2174 2670 2219 2710 &
2241 2660 2301 2710 ad

628 2732 803 2797 praxim
826 2730 1185 2804 scenographiae,
1201 2732 1401 2805 illiusque
1433 2734 1870 2784 demonstrationem
1894 2729 2011 2778 nihil
2035 2730 2148 2777 mihi
2178 2728 2303 2778 vide-

570 2836 578 2841 .
632 2815 704 2847 tur
723 2800 913 2867 amplius
935 2801 1179 2853 desiderari.
1211 2803 1458 2873 Suppositis
1474 2807 1613 2875 igitur
1630 2798 2093 2850 demonstrationibus
2121 2815 2231 2867 quas
2251 2800 2300 2845 in

631 2869 983 2936 praecedentibus
1009 2871 1232 2942 prosecuti
1262 2873 1427 2934 sumus,
1448 2892 1532 2942 pro
1559 2876 1611 2920 iis
1639 2873 1769 2918 etiam
1796 2867 2161 2938 scenographicis
2188 2866 2302 2914 deli-

631 2937 919 2989 neationibus
944 2958 1056 3011 quas
1086 2942 1233 2992 modo
1259 2942 1407 2993 sumus
1435 2941 1698 2999 exhibituri,
1716 2953 2003 3007 properamus
2027 2937 2083 2987 ad
2101 2934 2303 3005 exempla

634 3007 878 3066 solidorum
895 3032 995 3063 non
1014 3013 1272 3073 iniucunda.

2045 3320 2063 3335 2
2126 3251 2305 3336 Pao-
