2498 3898
665 220 917 268 LIBER
990 218 1455 266 SECVNDV&
1830 225 1896 282 137

714 347 1399 407 ANIMADVERsio„

344 497 473 547 Acile*
499 498 647 566 potest
663 493 848 562 agnosci
870 496 1091 544 institutas
1109 491 1134 540 a
1154 492 1289 540 nobis
1314 512 1366 540 ex
1382 493 1886 560 praecedentimethodo

222 496 600 637 Fimaginum
618 564 977 613 deformationes
995 566 1042 609 in
1073 560 1396 630 superficiebus
1427 580 1653 610 conorum
1687 572 1731 612 ὃς
1762 582 1890 631 pyra-

220 636 412 702 mydum
425 678 437 697 ‚
456 638 961 701 Optico-Geometricae
981 630 1380 678 demonstrationis
1397 637 1598 699 rigorem
1620 651 1716 680 non
1744 631 1882 700 sequi,

219 723 330 753 nam
357 705 472 773 quid
499 699 821 771 Tangentibus
848 700 1026 760 circuli,
1044 719 1150 749 cum
1172 701 1298 746 radio
1324 697 1476 747 visuali
1495 704 1542 746 in
1571 707 1677 748 coni
1707 698 1891 762 superfi-

220 779 341 822 ciem
358 771 525 840 allapso
542 786 554 820 Ξ
573 771 694 819 vnde
712 781 755 820 ὃς
771 771 917 839 posset
935 765 1161 838 quispiam
1179 767 1403 828 obiicere,
1422 787 1502 816 cur
1532 787 1644 837 ergo
1661 768 1888 831 eiusmodi

218 843 497 891 constructio
516 858 741 908 tanquam
761 844 884 888 reeta
900 849 943 888 δε
961 837 1204 887 emendata
1223 836 1518 904 proponitur?
1532 841 1748 885 nimirum
1761 838 1889 905 quod

218 915 450 978 optimum
461 910 677 959 effectum
684 906 988 976 consequatur
997 912 1044 955 in
1050 910 1274 975 praxique
1283 902 1433 972 saepius
1445 902 1544 952 latis
1557 911 1887 957 conuenienter

216 976 365 1048 pofite
383 984 420 1027 ri
456 976 550 1027 osas
566 979 751 1028 theoria>
769 977 893 1045 leges
920 974 1269 1044 transgreditur,
1286 972 1484 1021 maxime
1510 978 1557 1021 in
1586 980 1750 1043 opticis
1783 972 1889 1022 desi-

216 999 515 1118 gnationffius
532 1090 545 1110 ,
572 1067 672 1118 quae
736 1046 892 1094 uidem
915 1050 977 1094 ita
1003 1043 1147 1094 oculis
1169 1038 1502 1110 conspiciendae
1519 1041 1888 1103 obiiciuntur‚vt

216 1116 274 1165 ad
299 1136 372 1166 eas
400 1125 539 1167 etiam
571 1065 882 1186 agnoscendas
914 1124 957 1164 δε
984 1110 1299 1162 discernendas
1322 1112 1581 1162 aestimatiua
1600 1117 1888 1172 interneniat3

215 1186 336 1233 vnde
354 1197 397 1235 δε
412 1186 664 1255 aliquando
685 1190 734 1232 in
751 1189 803 1233 iis
822 1182 1180 1231 modificationis
1197 1180 1373 1247 aliquid
1383 1181 1447 1229 est
1459 1180 1888 1241 afferendum,mul-

188 1293 191 1295 .
215 1265 354 1323 taque
373 1255 431 1303 ad
447 1255 636 1304 oculu-m
653 1250 1088 1322 ainplianda‚multa
1103 1248 1419 1298 contrahenda
1442 1268 1576 1318 prout
1595 1246 1748 1298 ferunt
1760 1255 1887 1300 variae

212 1326 260 1370 in
288 1322 432 1391 planis
464 1335 508 1374 ὃς
534 1323 728 1373 obieffis
761 1323 1106 1371 circumstantiae
1127 1346 1138 1379 3
1156 1324 1214 1369 Et
1244 1337 1365 1367 certe
1394 1319 1605 1368 traditam
1632 1317 1657 1367 {i
1680 1318 1815 1366 nobis
1841 1324 1890 1366 in

214 1392 576 1459 praecedentibus
606 1389 997 1462 propositionibus
1025 1393 1197 1458 praxim
1214 1429 1226 1448 ,
1253 1405 1301 1435 vt
1326 1392 1496 1436 rectam
1527 1398 1571 1437 &
1596 1388 1889 1436 emendatam

213 1458 476 1530 vsurpamus
500 1505 512 1526 ,
537 1462 666 1532 quod
695 1467 742 1510 in
770 1479 892 1510 cono
919 1480 956 1508 v.
983 1479 1024 1528 g.
1047 1457 1326 1526 prodeuntes
1354 1456 1376 1504 e
1398 1455 1512 1506 basis
1533 1457 1811 1526 peripheria,
1832 1457 1890 1505 ad

211 1535 432 1579 verticem
449 1534 556 1596 radij
578 1533 734 1580 ductas
752 1535 800 1578 in
819 1533 1056 1598 prototypi
1072 1527 1243 1576 circulo
1260 1526 1505 1574 diametros
1534 1526 1639 1594 apte
1657 1530 1888 1593 repraeien-

213 1615 315 1646 tent
343 1601 481 1649 oculo
506 1607 553 1649 in
579 1620 681 1662 axe,
701 1618 750 1649 vt
776 1599 968 1646 diximus
984 1639 996 1658 ,
1015 1597 1287 1653 constituto,
1309 1605 1351 1644 δε
1371 1613 1451 1662 per
1467 1599 1785 1663 Tangentium
1802 1613 1887 1643 nu-

210 1677 362 1717 meros
382 1669 599 1738 aequabili.
611 1669 812 1738 quadam
835 1671 1135 1735 proportione
1156 1661 1356 1712 crescant
1374 1682 1453 1712 aut
1473 1662 1735 1712 decrescant
1749 1668 1889 1712 inter-

212 1735 332 1786 ualla
349 1737 628 1788 circulorum
645 1736 910 1807 peripheriis
931 1731 1261 1802 comprehensa
1273 1774 1284 1793 ‚
1301 1737 1362 1780 ita
1378 1750 1446 1792 vt,
1465 1731 1524 1781 ab
1545 1733 1713 1780 eodem
1728 1732 1882 1794 oculo,

211 1807 436 1856 craticulae
456 1812 576 1875 prius
598 1807 833 1856 delineatae
847 1802 875 1852 s
898 1809 996 1853 atiis
1015 1802 1176 1852 similia
1195 1812 1238 1850 ὃς
1270 1801 1459 1869 aequalia
1482 1801 1721 1849 videantur
1741 1822 1750 1848 ε
1770 1806 1885 1850 Non

212 1891 370 1924 tamen
384 1875 503 1925 adeo
523 1874 784 1946 scrupulose
805 1823 1051 1943 affsgnatur
1068 1876 1291 1940 puntstum
1307 1868 1442 1938 ipsius
1465 1870 1590 1919 oculi
1607 1889 1785 1919 conum
1812 1867 1884 1919 seu

210 1946 498 2010 pyramidem
514 1950 734 1995 intuentis
746 1986 758 2004 ‚
777 1962 826 1992 vt
842 1942 1089 1991 neceffario
1107 1938 1274 1989 debeat
1292 1959 1344 1988 ex
1363 1939 1663 1987 determinata
1685 1936 1885 2006 superius

211 2011 422 2063 distanti-a
446 2013 504 2063 ab
525 2013 726 2084 ipsorum
751 2017 919 2061 vertice
949 2010 1182 2059 diffidere‚·
1204 2009 1353 2077 potest
1381 2013 1526 2069 enim,
1550 2027 1633 2077 pro
1658 2007 1762 2055 data
1780 2027 1886 2073 cap-

212 2083 341 2130 tandi
360 2082 546 2132 luminis
566 2081 809 2133 occasione
826 2123 838 2143 ‚
860 2098 938 2129 aut
957 2079 1042 2128 alia
1062 2121 1075 2141 ,
1099 2083 1244 2147 magis
1271 2077 1341 2125 vel
1361 2081 1511 2126 minus
1535 2078 1593 2127 ab
1621 2076 1789 2124 eodem·
1815 2095 1885 2124 re-

211 2156 414 2214 moueri,
431 2152 691 2202 dummodo
710 2149 885 2219 semper
907 2154 955 2196 in
974 2149 1092 2197 illius
1113 2149 1191 2197 axe
1210 2144 1434 2196 consistat.

278 2218 457 2269 Verum
475 2220 570 2272 haec
588 2220 809 2270 sufficiant
827 2238 927 2288 quae
940 2214 1192 2267 satisfacere
1209 2233 1444 2284 vtcunque
1456 2213 1630 2263 debent
1649 2212 1887 2283 ingenioso

211 2287 375 2338 artifici
390 2295 474 2358 qui
497 2295 545 2338 in
562 2289 785 2339 eiusmodi
802 2285 1189 2336 delineationibus
1215 2280 1501 2353 frequentius
1520 2282 1678 2332 versari
1705 2294 1747 2332 ὃς
1769 2288 1885 2331 iniis

212 2357 426 2406 traditam
445 2356 469 2406 a
487 2359 624 2409 nobis
645 2357 926 2408 methodum
947 2352 1154 2423 vsurpare
1185 2371 1416 2422 proponet
1436 2381 1446 2412 ·,
1469 2371 1527 2400 ne
1547 2370 1702 2402 tamen
1726 2351 1885 2400 leetori

211 2424 435 2489 studioso,
452 2429 688 2478 videamur
704 2434 753 2476 in
762 2426 921 2495 aliquo
940 2424 1110 2479 deesse,
1122 2423 1228 2471 huic
1248 2420 1549 2490 propofitioni
1569 2420 1884 2488 subiungimus

210 2496 408 2545 modum
430 2496 751 2559 vniuersalem,
772 2513 868 2564 quo
895 2491 1031 2562 poffit
1065 2491 1324 2560 quamlibet
1349 2495 1600 2559 imaginem
1625 2495 1673 2537 in
1691 2493 1883 2537 exterio-

210 2583 310 2613 rem
331 2561 406 2614 seu
423 2571 690 2616 interiorem
715 2569 824 2616 coni
847 2581 924 2612 aut
947 2562 1193 2630 pyramidis
1218 2557 1503 2630 superficiem
1528 2564 1888 2627 opaco-geome-

214 2633 328 2681 trice
348 2633 643 2704 consignare,
658 2641 721 2686 ita
736 2653 804 2695 vt,
826 2631 907 2682 etsi
923 2631 1028 2681 alias
1045 2650 1097 2679 ex
1116 2631 1288 2679 diree‘oe
1307 2629 1365 2678 ad
1383 2628 1518 2697 plana
1544 2633 1591 2676 in
1618 2627 1786 2696 quibus
1807 2626 1884 2673 de-

179 2743 192 2755 .
210 2700 406 2750 lineatur
419 2701 602 2771 aspeetu
618 2701 809 2754 confusa
824 2713 868 2752 ὃς
888 2696 1109 2751 deformis
1138 2716 1353 2768 appareat
1367 2739 1380 2759 ‚
1398 2717 1451 2746 ex
1479 2698 1784 2746 determinato
1814 2698 1884 2742 ni-

210 2768 462 2821 hilominus
480 2779 655 2841 punao
674 2772 941 2832 emendata,
959 2768 1080 2819 bene
1103 2765 1361 2837 composita
1376 2777 1419 2817 ὃς
1448 2784 1700 2835 prototypae
1729 2762 1883 2812 similis

209 2857 436 2908 appareagt.

1566 3112 1609 3165 ν
1675 3116 1720 3176 iij
