2498 3898
642 233 693 273 30
923 217 1591 269 THAVMATVRGI
1671 223 2024 269 OPTICI.

638 281 924 330 interuallum
938 321 951 342 ,
970 284 1087 331 idem
1109 282 1330 333 censemus
1340 288 1455 334 inter
1473 288 1633 336 tabule
1654 289 1837 356 planum
1859 299 1902 338 ὃς
1923 286 2067 356 ipsum
2112 291 2312 353 oculum,

638 349 672 397 si
694 352 875 419 quidem
896 371 994 401 cum
1023 353 1077 399 de
1113 350 1330 421 singulari
1347 352 1533 405 obierito
1556 359 1727 427 agimus
1742 397 1755 417 ‚
1777 356 1917 425 ipsam
1941 359 2147 408 tabulam
2167 359 2310 411 ferme

639 416 807 487 semper
826 418 1121 488 supponimus
1137 438 1338 472 anterem
1360 419 1502 491 ipsam
1523 422 1594 474 seu
1613 427 1847 475 obieOcum
1871 431 2074 494 proxime
2097 429 2310 479 colloca-

639 487 1161 555 ta1n‚s1cvtprimainrei
1192 488 1350 541 faciem
1370 498 1632 565 contingat,
1653 495 1797 565 sitque
1823 495 1943 544 idem
1957 496 2140 564 planum
2166 509 2210 548 ὃς
2244 504 2305 553 rei

640 555 1033 606 obieetaeinitium.

730 630 914 673 Certum
930 628 988 674 est
998 644 1145 676 autem
1166 629 1328 678 debere
1353 632 1428 690 asfi
1464 637 1561 682 nari
1608 633 1767 695 iustum
1785 633 1882 682 talis
1903 634 2120 682 distantiae
2144 641 2300 685 termia

638 711 744 740 num
767 693 902 748 ,vltra
930 712 1064 764 quem
1084 713 1162 744 aut
1184 701 1307 757 citra,
1331 653 1526 749 nomgbffi
1551 718 1705 750 tamen
1729 698 1900 769 spatio,
1922 721 2023 751 non
2041 703 2169 754 liceat
2190 723 2306 752 ocu-

637 761 726 808 lum
747 762 980 822 collocare,
995 763 1077 812 nisi
1097 782 1147 814 vt
1163 769 1225 814 ait
1244 768 1512 838 Aguilonius
1534 774 1582 817 in
1600 774 1763 838 opticis
1779 770 1856 818 lib.
1881 782 1922 819 6.
1947 771 2016 821 vel
2035 774 2082 820 id
2096 774 2315 825 locorum?

639 835 755 878 ratio
783 829 1016 900 deposcat,
1034 833 1107 885 vel
1135 835 1191 884 ad
1210 836 1455 887 fallendum
1482 842 1706 887 intuentes
1738 842 2000 905 proieeturae
2022 860 2163 911 genus
2185 838 2305 905 desi—

639 919 701 967 gn
711 902 880 949 andum
901 900 970 963 sir,
995 903 1124 971 quod
1144 924 1194 953 ex
1211 906 1326 955 iusto
1339 907 1524 976 quidem
1544 905 2046 974 interuallospestatum
2065 911 2180 960 nihil
2201 928 2307 978 prae-

637 983 702 1017 ter
720 967 959 1018 confusum
980 973 1117 1021 chaos
1138 973 1439 1043 repraesentet,
1460 975 1483 1024 ὲ
1504 979 1719 1044 proximo
1738 993 1885 1024 autem
1907 981 1966 1025 rei
1985 977 2168 1042 alicuius
2194 997 2308 1027 verae

637 1041 888 1109 imaginem
911 1038 1086 1101 referat,
1114 1040 1362 1095 cuiusmodi
1381 1046 1553 1094 exstant
1571 1048 1754 1113 pistura:
1775 1045 1983 1115 quaedam
2006 1066 2058 1094 ex
2080 1047 2305 1113 oculo—ta-

637 1105 790 1156 bulam
808 1111 1148 1176 propemodum
1168 1116 1470 1182 contingente
1484 1111 1793 1183 descriptae,de
1816 1115 1984 1184 quibus
2003 1116 2080 1166 lib.
2105 1137 2146 1165 π..
2169 1116 2304 1165 huius
2364 1159 2366 1162 ,

637 1180 851 1225 traetatus
870 1198 921 1226 ex
939 1177 1138 1245 professo
1158 1185 1299 1231 adituri
1321 1183 1477 1232 sumus,

718 1249 833 1294 Non
877 1248 1023 1314 potest
1057 1251 1165 1297 vero
1194 1251 1322 1299 iustus
1369 1251 1588 1301 eiusinodi
1616 1256 1833 1301 terminus
1861 1251 2067 1303 absolute
2109 1253 2303 1309 definiri,

638 1315 1020 1386 quandoquidem
1050 1337 1099 1365 cx
1118 1315 1156 1365 se
1177 1320 1235 1367 est
1256 1319 1466 1369 relatiuus
1480 1330 1524 1370 ὃς
1538 1325 1619 1391 qui
1639 1325 1806 1370 minori
1827 1323 2015 1389 obieeto
2029 1328 2186 1372 minor
2209 1321 2303 1372 suf-

637 1383 804 1439 ficeret,
817 1390 1053 1452 majorpro
1066 1392 1227 1450 majori
1245 1393 1561 1457 exquireretur:
1575 1390 1697 1438 vnde
1707 1408 1803 1439 non
1819 1388 1997 1439 videtur
2015 1393 2193 1440 aliunde
2210 1411 2300 1439 me-

635 1454 716 1503 lius
739 1463 782 1502 &
805 1454 1088 1502 commodius
1119 1456 1252 1523 ipsius
1271 1457 1465 1524 petenda
1490 1462 1604 1506 ratio
1626 1474 1764 1527 quam
1794 1460 1852 1506 ab
1871 1461 2029 1529 anguli
2046 1465 2302 1530 quantitate

636 1539 773 1591 quem
801 1523 1082 1571 constituunt
1108 1525 1219 1591 radij
1248 1522 1454 1582 visuales,
1475 1526 1582 1575 dum
1609 1544 1701 1576 rem
1728 1529 1959 1577 obieetam
1986 1529 2306 1598 compleQun-

635 1606 718 1639 tur.
1563 1658 1565 1661 v

703 1659 900 1725 Qdam
915 1678 1014 1710 cum
1029 1664 1183 1721 Guido
1207 1663 1394 1714 Vbaldo
1414 1665 1492 1714 lib.
1508 1670 1658 1734 primo
1681 1664 1970 1735 Perspecstiuae
2003 1666 2199 1716 asserunt
2218 1672 2303 1715 mi-

632 1731 806 1779 nimum
833 1729 932 1777 iusti
957 1733 1180 1780 interualli
1209 1738 1450 1783 terminum
1475 1735 1539 1783 ibi
1561 1736 1763 1793 definiri,
1789 1736 1868 1785 vbi
1888 1741 1969 1807 qui
1997 1754 2089 1785 rem
2107 1735 2299 1806 angulus

633 1799 1102 1866 compleotiturrestus
1114 1803 1194 1858 est,
1207 1803 1309 1852 &id
1331 1804 1543 1853 videntur
1559 1808 1735 1852 ratione
1754 1802 2040 1863 confirmare,
2055 1821 2205 1874 ⁴quam
2229 1821 2300 1853 ta-

634 1868 981 1934 menimprobat
1000 1871 1277 1938 Aguilonius
1292 1872 1373 1921 vbi
1390 1868 1517 1940 supra
1530 1910 1544 1932 ,
1576 1871 1803 1943 sentitque
1819 1873 1933 1922 illud
1953 1872 2035 1922 esse
2052 1877 2296 1924 minimum

631 1935 918 1984 interuallum
942 1953 993 1985 vt
1012 1955 1075 1986 res
1108 1938 1320 2007 quaelibet
1338 1941 1441 2010 apte
1462 1945 1579 1990 cerni
1601 1951 1646 1993 &
1663 1942 1720 1991 ad
1739 1946 1893 1992 viuum
1914 1942 2060 1991 valeat
2082 1945 2131 1990 in
2157 1942 2296 2010 plano

631 2001 880 2074 designari,
901 2023 996 2076 quo
1016 2025 1078 2055 res
1096 2008 1232 2056 visilis
1251 2028 1371 2058 cono
1391 2013 1549 2077 optico
1575 2013 1837 2059 continetur
1865 2014 1977 2076 circa
2000 2011 2218 2059 directum
2237 2030 2299 2060 ra-

631 2073 754 2121 dium
770 2073 893 2123 velut
913 2093 1039 2124 axem
1053 2078 1332 2148 restangulo,
1348 2080 1490 2149 idque
1503 2079 1701 2128 ostendit
1717 2079 1974 2147 particulari
1992 2083 2040 2126 in
2055 2077 2295 2141 schemate,

633 2142 775 2211 quod,
798 2147 878 2213 qui
897 2144 1025 2193 huius
1049 2149 1108 2192 rei
1127 2150 1445 2216 cognitionem
1460 2146 1583 2196 volet
1600 2148 1885 2215 ampliorem,
1898 2151 2069 2215 poterit
2089 2144 2296 2196 consule-

631 2229 674 2259 re
686 2234 696 2260 ;
708 2212 838 2260 huius
851 2218 970 2261 enim
990 2213 1264 2264 difficultatis
1289 2214 1499 2265 resolutio
1522 2215 1601 2265 etsi
1615 2219 1821 2266 videatur
1839 2217 1958 2266 Vtilis
1975 2217 2225 2265 admodum
2248 2226 2293 2266 ὃς

630 2280 886 2338 necessaria,
898 2299 1050 2330 tamen
1062 2300 1112 2331 vt
1123 2281 1268 2332 dicam
1282 2294 1326 2334 &
1340 2304 1428 2334 eoo
1450 2286 1562 2355 quid
1574 2284 1739 2343 sentio,
1754 2284 1949 2352 praefice
1970 2284 2204 2355 loquendo
2221 2302 2298 2353 pa-

630 2367 726 2396 rum
752 2351 863 2398 mihi
887 2351 1064 2401 videtur
1083 2353 1289 2401 Vtilitatis
1309 2328 1473 2403 hassere
1496 2392 1509 2412 ‚
1527 2353 1620 2402 imo
1634 2364 1678 2403 &
1699 2353 2014 2403 difficillimum
2033 2353 2227 2401 arbitror
2247 2356 2294 2402 in

632 2418 760 2466 huius
778 2419 966 2468 scientiae
995 2425 1118 2488 praxi
1138 2438 1306 2470 certum
1334 2423 1507 2493 aliquid
1530 2441 1579 2471 ea
1604 2422 1659 2471 de
1681 2441 1725 2471 re
1751 2423 2197 2491 determinatumque
2214 2422 2296 2470 sta-

630 2503 749 2534 tuere
759 2510 770 2540 ‚-
807 2492 875 2536 Ita
900 2506 950 2536 vt
970 2493 1016 2536 in
1040 2485 1437 2559 designationibus
1456 2491 1818 2560 scenographicis
1847 2492 1903 2540 ad
1921 2492 2026 2559 apte}
2056 2491 2292 2538 collocan-

614 2556 733 2621 'dum
762 2557 982 2605 distantiae
998 2576 1090 2624 pun
1101 2562 1223 2606 stum
1244 2559 1341 2626 plus
1364 2561 1511 2609 valeat
1532 2560 1602 2609 vel
1622 2559 1911 2609 mediocriter
1936 2556 2134 2610 versatus
2151 2562 2198 2606 in
2219 2561 2288 2622 ijs,

630 2642 770 2694 quam
782 2625 889 2675 alius
907 2626 998 2674 {ine
1011 2631 1134 2694 praxi
1155 2623 1288 2694 ipsius
1302 2626 1491 2678 scientiae
1509 2645 1667 2677 tenens
1685 2631 1886 2679 rationes
1907 2638 1950 2678 δε
1972 2624 2288 2677 fundamenta.

600 2700 604 2704 '
628 2697 738 2742 Haec
759 2694 1125 2763 igiturmonuiffe
1144 2693 1330 2746 sufficiat
1352 2714 1401 2746 vt
1417 2701 1498 2769 qui
1524 2698 1684 2746 volent
1715 2697 1925 2769 authores
1963 2693 2201 2744 consulant
2237 2705 2282 2746 δε

628 2767 755 2810 vnius
768 2759 977 2833 cuiusque
1005 2768 1198 2813 rationes
1225 2766 1596 2835 ponderent3qui
1615 2770 1741 2833 operi
1759 2785 1948 2816 manum
1967 2766 2210 2828 adjecerint
2238 2783 2289 2812 ex

628 2833 783 2879 iterata
803 2836 928 2900 praxi
951 2832 1062 2902 quid
1091 2834 1146 2882 de
1176 2852 1229 2882 eo
1251 2831 1534 2885 sentiendum
1567 2845 1611 2885 &
1647 2833 1981 2884 obseruandum
2010 2833 2064 2882 fit
2095 2832 2287 2902 cognos-

627 2916 744 2948 cent.

710 2971 822 3016 Sunt
835 2980 878 3019 &
894 2969 975 3017 alia
993 2969 1196 3040 quaedam
1207 2975 1379 3038 punsta
1397 2976 1684 3043 cotingentia
1695 2970 1765 3021 seu
1784 2971 2078 3021 accidentalia
2092 2987 2191 3041 quae
2206 2970 2286 3019 ali-

627 3037 819 3107 quando
850 3043 897 3086 in
925 3039 1040 3086 linea
1068 3039 1352 3088 horizontali
1382 3079 1395 3100 ‚
1418 3057 1540 3090 extra
1567 3037 1707 3108 ipsam
1733 3040 1982 3111 aliquando
2014 3036 2283 3111 concursum

627 3109 876 3155 terminant
893 3106 1112 3155 linearum
1136 3109 1455 3177 quarumdam,
1478 3127 1576 3180 quae
1587 3126 1775 3176 propter
1788 3108 2158 3179 irregularitatem
2176 3106 2281 3156 {itus

624 3194 706 3225 nec
733 3179 989 3243 primarium
1013 3173 1304 3244 Perspecfi'tiuae
1323 3182 1545 3247 punitum
1568 3176 1800 3247 spestant,
1816 3196 1899 3228 nec
1919 3178 2115 3226 tendunt
2133 3174 2189 3223 ad
2210 3177 2282 3225 vl-

625 3244 719 3296 lum
739 3245 761 3293 ἐ
782 3244 960 3295 duobus
981 3238 1244 3294 secundariis
1264 3247 1320 3295 de
1337 3247 1496 3318 quibus
1508 3246 1587 3316 sup
1596 3265 1664 3296 ra:
1686 3246 1853 3297 horum
1873 3244 1982 3295 vero
2002 3247 2281 3313 punctorum

625 3317 733 3383 quia
752 3311 848 3363 vsus
871 3332 970 3363 non
991 3313 1050 3362 cst
1069 3311 1276 3363 absolute
1299 3313 1730 3376 ncceffarius‚irnm6
1752 3335 1854 3367 mm
1870 3319 1917 3366 in
1935 3316 2019 3365 hac
2039 3329 2177 3383 quam
2199 3328 2280 3384 tra-⁴
