2498 3898
605 246 860 300 istssrn
932 247 1411 298 SECVNDst
1538 256 1541 259 ·
1775 249 1845 313 ιω

162 315 412 367 immotum
429 317 617 368 oculum
635 320 913 368 constituant
930 330 973 368 δε
994 318 1256 387 oblongum
1280 319 1457 366 radium
1484 334 1623 365 manu
1637 321 1838 374 teneant,-

88 451 93 456 ι
164 393 291 436 cuius
311 391 583 436 extremitati
604 386 791 436 insertus
812 387 952 436 carbo
985 388 1207 435 adhaereat
1227 429 1237 447 ‚
1267 392 1393 435 cuius
1423 383 1652 434 beneficio
1679 386 1841 434 rudem

167 461 366 525 primum
391 460 539 524 operis
569 455 925 505 delineationem
955 457 1193 503 instituunt
1222 456 1305 503 hac
1335 460 1508 502 ratione
1527 495 1539 514 ,
1558 472 1605 502 vt
1632 460 1840 521 quamuis

167 524 351 572 aliunde
369 529 481 573 citra
512 530 865 593 proportionum
894 536 936 574 ἃ
957 523 1220 589 symmetriae
1245 523 1367 591 leges
1401 521 1671 570 adumbrata
1691 520 1842 568 videa-

169 611 260 652 tur,
280 611 332 640 ex
350 593 456 641 dato
476 592 773 642 nihilominus
798 598 970 660 puncto
992 589 1285 639 reformatam
1307 602 1349 639 &
1371 589 1490 639 bene
1514 595 1839 639 concinnatam

169 658 407 728 aspiciant,
427 661 622 709 nimrim&
639 680 746 709 cum
766 656 974 730 perfectae
995 671 1037 709 &
1059 659 1275 708 omnibus
1298 664 1496 707 numeris
1516 657 1729 708 absolutae
1759 658 1837 705 de—

168 726 436 797 signationi,
455 734 648 799 congrui
668 729 846 777 colores
864 728 1053 780 venuste
1071 740 1113 778 ὃς
1136 728 1368 797 eleganter
1384 729 1558 776 inducti
1577 724 1756 775 fuerint.

236 797 388 846 Aliam
409 816 600 866 quoque
617 798 691 846 alii
715 817 796 866 pro
815 799 904 846 istis
931 796 1315 846 delineationibus
1332 802 1556 845 rationem
1576 802 1735 843 ineunt
1760 799 1839 843 mi-

171 886 255 914 nus
281 865 556 915 laboriosam
586 878 629 916 ὃς
650 872 793 936 magis
826 865 1121 915 vniuersalem
1141 905 1158 926 ,
1183 865 1215 913 si
1245 866 1436 933 quidem
1460 862 1552 912 vsui
1581 864 1666 911 effe
1695 866 1843 931 potest

172 953 269 982 non
285 935 427 983 modo
447 941 494 983 in
520 934 732 984 tabulatis
758 936 901 1004 planis
931 933 1241 1004 segmentatis,
1265 933 1542 1001 scalpturatis
1562 975 1574 994 ,
1597 937 1644 979 in
1667 932 1838 980 testitu-

171 1003 354 1052 dinibus
376 1001 609 1054 fornicatis
635 1004 880 1073 sphaeticis,
898 1004 1130 1072 ellipticis,
1155 1001 1447 1071 parabolicis,
1467 999 1734 1051 sublimibus
1754 1042 1766 1061 ,
1799 1011 1843 1050 δε

174 1071 407 1142 depteffis,
426 1087 585 1122 verum
604 1080 740 1122 etiam
761 1078 808 1122 in
827 1074 970 1142 planis
1001 1083 1043 1122 δε
1072 1069 1394 1140 superficiebus
1426 1068 1736 1137 cuiuscunque
1764 1090 1844 1140 gea

176 1147 293 1190 neris
314 1141 657 1211 irregularibus,
676 1147 784 1190 &in
813 1141 1017 1211 pluribus
1045 1141 1187 1208 planis
1214 1139 1345 1188 simul
1371 1138 1750 1188 concurrentibus
1765 1180 1777 1200 ,
1795 1158 1842 1187 vt

174 1215 221 1257 in
242 1215 467 1277 parietum
486 1209 661 1280 angulis
675 1215 743 1270 ,in
760 1209 928 1278 quibus
946 1229 1038 1258 tam
1059 1207 1272 1278 singulari
1291 1207 1483 1256 artificio
1498 1209 1678 1276 poffunt
1690 1206 1842 1276 figurae

175 1296 464 1348 quaecunque
479 1278 565 1328 hac
583 1284 759 1327 ratione
778 1278 1060 1338 adumbrari,
1073 1297 1120 1327 vt
1141 1295 1263 1326 extra
1281 1274 1480 1345 prosilite
1498 1273 1843 1324 videantur‘AEst

173 1364 329 1395 autem
351 1345 584 1396 eiusmodi.
609 1352 770 1396 Noetu
802 1348 993 1397 candela
1006 1347 1077 1396 vel
1096 1347 1281 1395 lucerna
1298 1351 1345 1392 in
1361 1344 1483 1393 oculi
1511 1349 1661 1393 vicem
1685 1341 1844 1393 substi-

174 1421 337 1470 tuitur5
361 1421 497 1485 eique
516 1414 685 1477 forma,
708 1435 806 1486 quae
824 1416 1140 1465 adumbranda
1161 1419 1432 1483 proponitur
1446 1454 1457 1473 ‚
1476 1418 1654 1462 minore
1681 1414 1847 1461 modu-

175 1483 223 1532 lo
257 1485 494 1535 efformata
515 1485 731 1534 obiicitur
750 1506 805 1534 eo
824 1484 910 1534 situ
935 1505 1074 1554 atque
1107 1483 1370 1542 interuallo,
1393 1493 1440 1531 vt
1468 1481 1584 1530 illius
1610 1480 1770 1530 vmbra
1798 1487 1846 1529 in

177 1550 427 1622 expositam
447 1551 656 1614 fornicis,
678 1555 915 1603 testudinis
942 1573 1019 1603 aut
1049 1553 1207 1622 anguli
1233 1549 1517 1620 superficiem
1542 1549 1706 1619 allapsa
1734 1549 1848 1598 desi-

176 1623 370 1692 gnandis
389 1623 590 1672 carbohe
607 1641 684 1670 aut
701 1622 790 1670 alio
808 1629 1017 1692 imaginis
1042 1621 1242 1691 partibus
1271 1622 1372 1668 loca
1402 1619 1675 1668 determinet
1689 1661 1701 1680 ,
1718 1630 1760 1669 ὃς
1786 1617 1849 1667 sic

172 1687 384 1760 perfestae
404 1691 709 1761 designationi
725 1691 903 1740 colotes
922 1692 1207 1740 inducantur.
1249 1685 1441 1751 Qdfi
1469 1688 1617 1756 plures
1645 1686 1775 1736 simul
1805 1686 1851 1734 fi*

211 1778 296 1808 urae
320 1759 412 1809 hoc
437 1762 580 1808 modo
608 1759 887 1809 delineandae
917 1759 1173 1809 habeantur
1192 1800 1203 1819 ,
1232 1753 1434 1825 perfecta
1453 1761 1651 1824 primum
1673 1757 1851 1805 illarum

177 1779 433 1897 {dignatio
462 1835 509 1877 in
534 1829 690 1878 charta
715 1829 972 1877 instituetur
997 1839 1040 1877 δε
1065 1827 1282 1876 veruculo
1311 1844 1390 1893 per
1422 1843 1573 1872 totum
1600 1843 1850 1895 pungetur,

180 1901 445 1966 punctaque
470 1898 686 1946 testudini
711 1897 782 1947 vel
803 1897 976 1967 angulo
1003 1895 1206 1945 similiter
1234 1894 1506 1953 obiicietur,
1541 1904 1583 1943 &
1609 1912 1767 1943 caetera
1804 1911 1851 1942 vt

181 1970 302 2033 ptius
320 1964 625 2034 perficientur.

628 2041 634 2056 .

442 2093 1114 2160 coROLLARIVM
1189 2102 1593 2159 TERTIVM.

307 2253 350 2297 X
380 2266 437 2295 eo
465 2248 595 2317 quod
619 2247 812 2298 diximus
843 2256 889 2297 in
921 2246 1194 2315 praecedenti
1221 2245 1557 2317 propositione,
1584 2245 1704 2313 posse
1721 2249 1855 2292 nimi-

185 2360 190 2363 .
297 2335 406 2365 ‘rum
425 2322 728 2385 proiectiones
743 2319 838 2367 illas
856 2323 903 2366 iii
920 2315 1123 2383 obliquis
1148 2315 1462 2382 plaii—is,etiam
1473 2320 1520 2361 in
1532 2312 1854 2382 superficiebus

183 2384 505 2455 irregularibus
542 2392 809 2436 concinnari
846 2404 986 2456 opere
1017 2382 1196 2432 niusiuo
1230 2396 1273 2434 ὃς
1297 2384 1517 2434 tessellato
1538 2424 1550 2443 ,
1574 2401 1672 2430 non
1705 2387 1857 2430 minus

184 2473 329 2523 quam
344 2460 567 2524 imagines
589 2456 762 2505 directo
780 2457 908 2505 radio
934 2451 1278 2521 conspiciendas
1297 2497 1308 2515 ‚
1342 2452 1441 2501 satis
1463 2450 1690 2520 intelliget
1723 2450 1858 2497 indu-

185 2525 312 2572 strius
330 2521 489 2572 artifex
499 2542 693 2592 ‚magna
711 2542 819 2574 cum
838 2525 1065 2594 elegantia
1084 2532 1127 2571 ὃς
1147 2516 1361 2592 singulari
1384 2521 1859 2580 venustate›,omnium

187 2592 320 2641 huius
340 2587 444 2641 libri
474 2590 843 2661 propositionum
868 2592 990 2662 posse
1020 2589 1146 2639 vsum
1174 2591 1403 2640 transferri
1427 2590 1485 2637 ad
1509 2588 1734 2636 ornandas
1760 2607 1858 2652 cry-

186 2667 287 2728 ptas
311 2661 407 2709 illas
424 2660 679 2710 artificiales
691 2703 704 2722 ,
721 2661 815 2711 siue
833 2680 961 2711 antra
979 2657 1152 2709 factitia
1170 2679 1268 2725 quae
1291 2658 1517 2728 lapidibus
1530 2699 1543 2718 ‚
1562 2658 1716 2706 crustis
1741 2674 1860 2704 mai:

188 2733 381 2790 moreiS,
402 2740 445 2778 &
468 2729 723 2795 conchyliis
738 2729 1090 2783 versicoloribus
1117 2725 1237 2778 intus
1258 2730 1508 2777 vestiuntur
1526 2754 1537 2785 ·,
1555 2743 1603 2773 vt
1627 2730 1751 2773 enim
1778 2729 1860 2792 qui

189 2802 237 2844 in
260 2794 481 2846 eiusmodi
508 2795 724 2867 operibus
756 2797 985 2848 versantur
1013 2794 1239 2866 saepissime
1265 2797 1430 2857 laruas,
1447 2794 1636 2860 satyros,
1655 2794 1858 2841 monstra

190 2877 236 2916 ὃς
253 2884 486 2934 portenta,
506 2868 774 2937 quaevulgo
806 2865 1042 2916 Grotescas
1069 2867 1326 2933 appellant,
1350 2865 1373 2912 ἐ
1401 2863 1590 2915 conchis
1620 2874 1662 2912 ὅτ.
1688 2861 1858 2911 testu-lis

191 2939 254 2983 ita
269 2941 638 2996 concinnant,vt
665 2934 843 3006 singula
872 2955 971 3005 quae
998 2940 1127 3004 operi
1153 2935 1484 3003 componendo
1511 2931 1758 2991 adhibent,
1777 2950 1858 2998 pro

191 3003 386 3066 naturali
404 3003 696 3072 dispositione
713 3016 756 3055 δε
773 3005 928 3055 colore
945 3009 1074 3052 variis
1094 3002 1296 3069 partibus
1315 3004 1372 3051 ad
1386 3007 1543 3050 viuum
1555 2999 1857 3069 exprimendis

189 3071 452 3141 applicent,
476 3073 638 3121 eadem
655 3080 831 3123 ratione
851 3074 1056 3143 possunt,
1077 3070 1173 3120 sine
1193 3071 1358 3132 dubio,
1380 3090 1431 3119 ex
1452 3070 1624 3119 traditis
1643 3074 1690 3116 in
1706 3068 1797 3116 hoc
1817 3065 1860 3114 li-

195 3139 281 3189 bro
298 3141 465 3210 regulis
483 3152 526 3190 δε
552 3148 784 3210 praeceptis
799 3185 812 3203 ,
832 3162 987 3211 aptare
1009 3153 1052 3191 &e
1078 3160 1361 3209 componere
1394 3140 1417 3187 ἐ
1442 3137 1620 3188 tessellis
1645 3135 1858 3184 tenuibus

194 3208 383 3277 lapideis
402 3209 473 3258 vel
488 3217 753 3260 marmoreis
774 3222 818 3261 &
842 3211 1033 3260 conchis
1063 3210 1230 3278 figuras
1258 3207 1554 3276 quascunque
1572 3225 1608 3253 v.
1630 3225 1673 3273 g.
1701 3204 1858 3272 quales

196 3273 506 3346 descripsimus
526 3284 657 3328 tertia
672 3279 804 3328 huius
822 3279 927 3328 libri
945 3278 1258 3347 propositione
1270 3319 1281 3337 ,
1293 3296 1392 3346 quae
1412 3276 1583 3323 directo
1595 3275 1652 3322 acl
1669 3277 1859 3342 parietes-

195 3347 498 3399 intuitumhil
515 3366 673 3416 praetet
687 3346 930 3397 confusum
945 3347 1084 3398 chaos
1105 3347 1450 3397 &inconditam
1467 3343 1591 3391 velut
1616 3340 1711 3389 sine
1740 3341 1860 3389 ordi-

1562 3416 1637 3459 Aa
1673 3415 1700 3473 ij
