2498 3898
611 241 864 290 LissEa
936 241 1403 305 SECVNDVS.
1789 257 1851 305 163

172 305 398 379 'punitum
421 325 575 357 autem
595 307 706 357 illud
727 310 791 357 est
815 315 861 358 in
892 307 1148 357 summitate
1176 310 1303 358 diota·
1338 308 1624 377 peripheria,
1645 328 1843 379 quapro-

175 395 276 447 pter
293 378 404 426 dum
423 375 842 427 circumscribendae
862 383 1050 446 imagini
1069 378 1179 426 datae
1199 376 1271 425 seu
1285 396 1537 446 prototypae
1549 420 1560 438 ‚
1572 378 1840 427 distribuen-

154 443 335 513 ·disque
352 450 447 493 eius
468 445 668 513 partibus
680 464 748 508 ,vt
764 451 812 494 in
832 445 1051 494 similibus
1070 444 1167 493 fieri
1188 443 1369 494 solitum
1385 448 1449 494 est
1462 487 1474 507 ,
1490 444 1737 514 spatiorum
1759 467 1845 496 cra-

169 513 368 564 ticulam'
383 513 622 563 delineare.v
630 515 822 563 intendo
833 556 846 575 ,
858 516 977 564 duco
999 519 1197 582 primum
1215 518 1260 561 in
1278 512 1506 562 schemate
1523 519 1559 563 L
1574 520 1631 575 X,
1638 515 1847 583 periphe-

176 587 290 631 riam
303 584 429 649 aces,
449 601 548 651 quae
571 580 714 631 basim
731 589 838 631 coni
855 587 895 632 A
907 590 947 632 C
959 624 970 643 ‚
987 580 1295 650 repraesentet,
1312 583 1433 630 vnde
1453 593 1497 631 δε
1514 581 1717 631 similiter
1736 585 1845 632 diui-

177 652 301 700 ditur
317 656 364 700 in
380 670 527 720 partes
547 656 654 699 odto
680 661 724 700 &
754 648 967 701 {cunetis
999 648 1274 699 diuisionum
1299 655 1477 718 punctis
1496 651 1718 719 gcheiflz‚
1737 654 1848 701 radii

177 721 409 769 ducuntur
434 719 492 767 ad
507 738 761 767 extremum
787 717 1164 770 circumferentiae
1194 724 1417 786 punelum
1436 739 1460 766 a
1477 758 1490 774 ,
1509 719 1635 789 quasi
1663 722 1720 769 ad
1740 741 1847 770 cen-

177 806 323 849 trum,
340 792 421 856 qui
437 787 586 836 radios
605 792 653 835 in
673 807 794 837 cono
822 787 847 837 Ξι
874 788 967 838 basi
992 789 1050 837 ad
1077 792 1297 836 verticem
1321 789 1480 836 ductos
1514 796 1773 856 exprimunt
1804 801 1848 840 δε

175 856 435 925 homologa
463 855 783 905 distribuendis
812 854 1215 926 proportionaliter
1239 860 1450 924 imaginis
1478 855 1680 925 partibus
1712 857 1849 926 spatia

176 924 406 974 definiunt
426 948 436 974 ε
456 925 545 976 Sed
563 944 611 973 vt
627 926 782 974 iustior
800 938 844 977 δε
862 924 1082 995 praecifior
1098 921 1310 973 succedat
1336 931 1542 992 operatio
1567 930 1615 973 in
1636 925 1847 975 distribu-

176 999 304 1043 tione
324 999 521 1064 partium
542 999 776 1058 imaginis,
797 996 978 1063 possunt
997 990 1218 1042 eiusmodi
1244 990 1380 1061 spatia
1410 994 1561 1043 adhuc
1588 999 1634 1042 in
1653 994 1781 1063 plura
1806 1006 1850 1046 ὃς

178 1067 359 1112 minora
376 1063 545 1123 diuidi3
565 1067 612 1110 in
632 1050 861 1112 schemate
888 1064 1080 1132 quidem
1102 1059 1589 1129 LX,s13diametruma
1606 1082 1625 1108 e
1644 1069 1845 1131 partiaris

178 1138 227 1181 in
254 1149 453 1201 quatuor
478 1148 626 1199 partes
650 1132 843 1198 aequales
873 1150 952 1180 aut
982 1131 1131 1199 plures
1153 1170 1166 1190 ,
1195 1140 1238 1178 δε
1263 1150 1343 1199 per
1370 1129 1546 1200 singula
1574 1131 1851 1182 diuifionum

175 1205 347 1270 p‘unaesta
363 1204 563 1248 minores
578 1199 772 1248 circulos
792 1199 1016 1249 describas
1042 1216 1241 1267 quorum
1265 1205 1475 1247 omnium
1505 1200 1759 1268 peripheria
1782 1206 1851 1249 in-

177 1287 247 1318 tus
265 1273 463 1338 attingat
480 1272 705 1316 maiorem
725 1265 1144 1317 circumferentiam
1160 1285 1185 1313 a
1197 1286 1239 1313 ce
1244 1271 1281 1332 f
1286 1295 1297 1328 3
1314 1274 1362 1316 in
1394 1268 1722 1336 diagrammate
1742 1288 1850 1317 vero

174 1342 313 1394 LXI,
334 1335 592 1406 homologa
606 1336 691 1385 illis
711 1357 768 1387 co
806 1318 931 1387 ficies
951 1337 1097 1385 dustis
1121 1340 1169 1383 in
1186 1341 1295 1385 coni
1319 1335 1553 1405 superficie
1579 1356 1660 1406 per
1687 1342 1855 1405 puncCta

173 1409 248 1458 EF
262 1411 326 1467 G,
347 1404 526 1456 circulis
562 1403 764 1454 eiusdem
830 1405 889 1454 asi
916 1405 1138 1474 parallelis
1157 1445 1169 1465 ,
1198 1405 1495 1475 quaequidem
1532 1410 1701 1475 pundia
1726 1411 1855 1454 inue-

177 1481 379 1536 nientur,
395 1493 444 1523 vt
459 1472 682 1543 superius,
698 1493 780 1542 per
805 1476 954 1523 radios
984 1479 1164 1541 opticos
1186 1472 1209 1522 a
1236 1473 1367 1543 figno
1393 1480 1436 1522 D
1459 1516 1472 1535 ,
1522 1476 1768 1523 rodeuntes
1796 1475 1855 1522 ad

179 1549 352 1614 punita
368 1547 524 1605 HIK,
543 1543 753 1593 diametri
777 1547 819 1593 A
834 1551 894 1606 C,
913 1541 1116 1592 similiter
1141 1540 1287 1591 diuisae
1304 1561 1351 1592 vt
1368 1562 1422 1589 ae
1437 1586 1449 1605 ,
1496 1542 1716 1592 chematis
1745 1540 1856 1595 sexa-

178 1612 351 1683 gesimi.

251 1683 396 1749 Qod
411 1681 519 1731 vero
546 1683 603 1730 de
622 1701 745 1732 cono
766 1683 959 1732 dicimus
978 1682 1127 1751 potest
1143 1686 1281 1730 etiam
1298 1680 1468 1730 seruata
1489 1686 1788 1749 proportione
1810 1690 1857 1731 in

178 1751 424 1820 polygonis
441 1751 754 1818 pyramidibus
774 1750 994 1819 vsurpari,
1013 1756 1140 1799 cuius
1160 1754 1224 1797 rei
1243 1750 1506 1819 exemplum
1525 1749 1611 1798 tibi
1628 1748 1681 1798 sit
1696 1755 1745 1796 in
1765 1751 1859 1801 dia-

179 1838 434 1890 grammate
455 1824 492 1868 L
504 1825 661 1881 XIII,
678 1819 758 1869 vbi
779 1819 1049 1868 exhibemus
1070 1817 1155 1867 tibi
1178 1819 1463 1885 pyramidem
1483 1819 1753 1887 quadratam
1769 1822 1811 1868 A
1824 1827 1856 1869 B

181 1894 279 1940 CD
293 1930 307 1950 ,
324 1887 386 1938 fic
406 1886 658 1956 expositam
674 1889 813 1938 oculo
835 1894 903 1950 H,
928 1908 977 1938 vt
995 1889 1184 1957 planum
1212 1885 1409 1956 superius
1430 1892 1514 1936 AB
1531 1891 1571 1935 C
1596 1892 1859 1955 proiiciatur

183 1962 233 2006 in
252 1957 423 2007 lineam
439 1961 551 2018 AB,
573 1954 648 2006 seu
665 1959 875 2007 videatur
887 1976 935 2006 vt
953 1958 1093 2018 linea,
1115 1960 1224 2025 quia
1252 1961 1470 2005 nimirum
1498 1975 1551 2003 ex
1583 1974 1748 2024 quarto
1774 1963 1858 2022 Sy«

180 2025 336 2095 nopsis
352 2031 579 2075 axiomate
589 2025 932 2088 obumbrantur
946 2027 1106 2076 mediae
1126 2043 1272 2093 partes
1295 2025 1394 2074 talis
1412 2022 1731 2094 superficieiab
1742 2023 1859 2075 illius

183 2100 395 2144 extremis
409 2136 422 2157 ‚
461 2092 614 2163 &ipsa
644 2094 679 2145 fi
701 2095 885 2145 vlterius
909 2094 1056 2145 versus
1084 2101 1131 2144 H
1147 2136 1160 2156 ,
1182 2094 1510 2162 produceretur
1528 2136 1541 2155 ,
1562 2092 1767 2155 transiret
1782 2113 1862 2162 per

181 2163 307 2213 oculi
333 2165 540 2213 medium
563 2185 572 2211 :
602 2169 839 2233 proiicitur
864 2185 976 2234 ergo
1009 2168 1231 2233 punCtum
1251 2169 1310 2224 C,
1336 2168 1514 2213 verticis
1540 2164 1784 2230 pyramidis
1811 2169 1859 2210 in

184 2237 410 2301 punctum
429 2238 489 2293 E,
507 2235 714 2286 medium
736 2240 866 2282 vnius
896 2234 1045 2282 lateris
1072 2230 1185 2282 basis
1206 2259 1218 2291 ·,
1238 2234 1358 2281 vnde
1389 2231 1423 2281 si
1450 2232 1558 2282 velis
1583 2230 1863 2300 propositam

185 2306 439 2369 imaginem
457 2298 715 2351 deformare
734 2309 782 2350 in
802 2302 895 2350 aliis
912 2301 1056 2351 tribus
1074 2301 1219 2369 planis
1240 2301 1466 2350 inclinatis
1482 2302 1711 2370 quadratae
1727 2319 1858 2369 pyra-

186 2369 322 2419 midis
345 2410 359 2430 ,
383 2388 482 2438 quae
514 2371 652 2419 oculo
682 2378 731 2421 H
752 2412 764 2432 ‚
800 2376 848 2418 in
873 2371 993 2419 linea
1016 2376 1102 2420 EC
1128 2370 1353 2438 producta
1380 2372 1630 2420 constituto
1650 2388 1865 2437 appareat

187 2438 433 2487 emendata
458 2450 503 2489 δε
525 2439 668 2488 veluti
700 2445 749 2488 in
776 2439 914 2509 plano
947 2438 1062 2489 bafis
1087 2437 1222 2508 ipsius
1249 2437 1370 2488 bene
1399 2440 1609 2507 depid‘ca3
1633 2437 1861 2486 conclude

188 2512 389 2577 primum
407 2508 561 2556 datam
580 2513 833 2579 imaginem
851 2509 1077 2577 quadrato
1096 2506 1297 2575 abgd,vt
1314 2514 1361 2558 in
1382 2509 1709 2578 diagrammate
1720 2509 1862 2568 LXII,

187 2581 317 2625 cuius
337 2575 554 2626 lateribus
571 2575 760 2647 singulis
781 2574 993 2627 bifariam
1015 2575 1186 2638 diuisis,
1209 2578 1297 2626 duc
1318 2576 1459 2626 lineas
1478 2573 1661 2625 rectas&
1682 2579 1862 2643 punffis

189 2643 351 2711 cdfgh,
375 2646 434 2694 ad
461 2651 687 2713 pumstum
703 2654 765 2708 C,
784 2647 914 2714 quod
931 2646 1016 2696 tibi
1032 2644 1316 2716 repraesentat
1334 2651 1557 2715 puncstum
1577 2650 1633 2710 E,
1656 2641 1770 2693 bafis
1781 2662 1862 2711 py-

191 2715 396 2774 ramidis,
413 2719 461 2762 in
478 2715 609 2782 quod
628 2721 852 2784 punCtum
867 2721 1047 2765 verticis
1073 2720 1311 2784 proiicitur
1339 2726 1382 2765 δε
1399 2716 1512 2764 radii
1531 2712 1555 2762 a
1576 2710 1669 2761 bafi
1684 2731 1764 2780 per
1778 2730 1860 2779 py-

190 2782 375 2830 ramidis
393 2780 474 2830 lon
511 2784 738 2833 itudinem
756 2784 941 2832 deducti
956 2782 1398 2834 concurruntthabes
1412 2803 1523 2853 ergo
1539 2783 1597 2831 ad
1614 2780 1800 2831 oculum
1816 2778 1864 2828 fi-

193 2849 364 2904 militer
372 2850 467 2899 diui
487 2869 512 2898 a
520 2861 564 2901 &
576 2852 765 2920 planum
777 2849 1134 2920 bagd,schematis
1144 2857 1422 2912 LXII‚&tres
1431 2851 1667 2900 inclinatas
1678 2848 1865 2918 quadra-

193 2937 248 2969 tae
259 2920 504 2987 pyramidis
513 2918 560 2968 su
596 2920 770 2971 erficies
790 2940 890 2991 quae
905 2919 1286 2989 suntconspicuae,
1299 2926 1360 2970 ita
1378 2940 1430 2972 vt
1440 2919 1666 2989 triangula
1688 2915 1861 2966 vtrobi-

194 3005 289 3057 que
308 2994 502 3055 reperias
520 2940 607 3038 figi
623 2989 1027 3060 correspondentia
1046 3002 1089 3041 δε
1106 2988 1385 3059 homologa,
1404 3009 1502 3060 quae
1525 2988 1706 3057 possunt
1723 2990 1860 3033 etiam

194 3056 254 3105 ad
271 3053 525 3106 faciliorem
543 3069 589 3107 &
606 3059 904 3127 praecisiorem
922 3066 1120 3129 partium
1135 3063 1345 3128 imaginis
1363 3060 1680 3108 reductionem
1694 3060 1741 3102 in
1759 3052 1859 3120 plu-

195 3145 265 3175 res
286 3124 437 3176 adhuc
455 3125 627 3175 areolas
648 3127 853 3177 distribui
869 3148 880 3178 ‚·
894 3135 943 3176 in
962 3129 1290 3199 diagrammate
1312 3128 1501 3196 quidem
1516 3130 1660 3176 LXII
1677 3141 1756 3190 per
1773 3125 1859 3169 mi-

198 3212 314 3243 nora
329 3195 552 3264 quadrata
567 3193 629 3245 sic
646 3202 808 3245 maiori
823 3197 1036 3265 parallela
1050 3216 1099 3246 vt
1128 3215 1288 3246 eorum
1314 3196 1430 3246 latus
1455 3214 1595 3244 vnum
1622 3188 1861 3240 intersecet

196 3262 367 3313 lineam
384 3266 439 3331 ef
447 3269 495 3313 in
511 3281 711 3333 quatuor
731 3284 878 3334 partes
897 3266 1089 3334 aequales
1110 3270 1230 3335 prius
1247 3264 1456 3324 diuisam,
1473 3264 1530 3311 ad
1557 3259 1648 3330 ipsa
1679 3255 1860 3307 diuisio-

198 3348 312 3401 num
324 3338 521 3404 puncta,
543 3342 589 3384 &
611 3332 736 3395 aliud
751 3332 807 3384 sit
825 3339 874 3383 in
887 3333 1007 3383 linea
1022 3333 1103 3391 ba,
1124 3353 1224 3404 quae
1250 3334 1460 3403 quadrati
1480 3328 1718 3381 cuiussibet
1745 3326 1863 3394 latus

1553 3404 1597 3449 X
1669 3401 1697 3459 ij
