2498 3898
604 218 687 256 1o6
940 204 1613 253 THAVMATVRGI
1685 205 1960 252 OPTCI

604 289 771 323 vocant
795 272 1035 330 distantiae,
1054 271 1182 339 apte,
1203 271 1484 318 collocentur
1519 281 1563 320 &
1598 276 1924 321 conuenienter
1944 312 1957 331 ‚
1982 286 2031 319 vt
2064 275 2183 320 exiis
2216 274 2301 321 ele-

606 359 764 407 gantes
785 340 965 409 aspeetu
986 340 1133 409 figurae
1166 337 1524 408 scenographicae
1550 344 1827 407 proueniant
1855 363 1864 394 ·‚
1886 343 2096 409 alioquin
2127 340 2300 390 etiamsi

606 399 663 461 {d
684 410 983 480 praescriptum
1004 412 1108 456 artis
1132 417 1174 456 &
1200 405 1446 456 secundum
1466 408 1639 478 regulas
1669 412 1769 478 quis
1799 427 2031 477 operetur,
2053 409 2200 477 posset
2231 427 2303 458 ta-

608 493 711 530 m'eu
730 481 909 528 obieeta
932 482 995 526 ita
1020 475 1245 525 deformia
1264 487 1308 527 δε
1328 481 1744 545 improportionata
1774 476 2039 536 describere,
2058 496 2108 528 vt
2126 483 2201 528 vix
2224 498 2301 527 co-

611 546 898 616 ‹gnoscere-tur
915 547 1029 616 quid
1047 562 1121 614 per
1148 564 1199 594 ea
1217 544 1421 595 voluisset
1439 548 1748 615 repraesentate
1760 585 1772 607 ,
1785 547 1912 617 quod
1933 547 2119 616 quidem
2143 540 2300 597 verum

607 606 665 668 est
688 614 994 666 viiiucrsaliter
1022 620 1068 664 in
1092 614 1437 685 quibuscunque
1467 617 1596 665 huius
1621 621 1797 688 generis
1827 617 2229 676 delineationibus,
2256 627 2300 666 &

611 688 687 735 fiet
705 683 827 733 sensu
841 687 972 733 etiam
985 685 1268 734 manifestum
1286 688 1333 730 in
1351 689 1400 732 iis
1418 701 1517 754 quae
1531 687 1882 755 exponemus‚ad
1897 685 2136 735 secundam
2150 685 2304 735 secun-

613 757 658 803 di
682 756 784 803 libri
801 749 1026 821 sequentis
1048 751 1427 821 propositionem.

681 824 767 871 Sed
785 822 930 891 posset
953 824 1115 892 aliquis
1135 822 1159 872 ὲ
1178 843 1248 872 me
1269 839 1492 890 expetere,
1513 839 1723 893 quaenam
1755 823 1810 871 {it
1829 841 1930 888 vera
1957 825 2075 871 oculi
2105 823 2302 873 altitudo

616 904 660 944 ὃς
685 894 790 941 iusta
808 891 1043 948 distantia,
1070 891 1125 940 ad
1144 910 1285 962 quam
1315 891 1547 941 delineatae
1576 894 1728 964 figurae
1755 891 2116 962 scenographicae
2139 913 2307 943 conue-

611 967 786 1013 nienter
806 965 1167 1029 proportionatae
1191 972 1234 1011 &
1254 958 1436 1030 aspedtu
1465 962 1689 1034 elegantes
1720 966 2007 1031 proueniant.
2060 967 2162 1030 Ego
2196 981 2304 1013 vcro

611 1049 669 1080 ne
689 1045 863 1098 tempus
881 1045 1018 1078 teram
1043 1035 1091 1078 iu
1114 1049 1284 1080 vanum
1310 1040 1354 1080 &
1375 1047 1544 1080 cartam
1571 1033 1792 1082 inutiliter
1816 1031 2008 1099 repleam
2029 1069 2041 1090 ‚
2080 1032 2307 1101 quidquid

612 1103 664 1149 cal
689 1099 742 1147 de
774 1117 816 1146 re
843 1098 1042 1147 statuant
1077 1101 1285 1149 authores
1324 1099 1398 1165 alij
1421 1137 1433 1159 ‚
1462 1100 1609 1151 dicam
1644 1102 1782 1151 libere
1816 1101 1934 1171 quid
1966 1099 2112 1148 sentio
2139 1139 2152 1160 ,
2190 1102 2308 1151 diffi-

615 1170 828 1218 cillimum
862 1167 944 1217 effe
967 1208 981 1225 ‚
1026 1187 1083 1216 ne
1114 1171 1260 1219 dicam
1305 1168 1575 1237 impossibile
1612 1189 1775 1221 certum
1811 1169 1982 1239 aliquid
2008 1170 2304 1219 determinare

617 1243 661 1285 iu
703 1238 922 1306 eoquod
957 1255 1101 1286 certas·
1142 1256 1238 1287 non
1271 1239 1410 1286 habet
1456 1242 1840 1296 circumstantiam,
1879 1250 1923 1289 δε
1959 1239 2107 1287 modis
2142 1257 2304 1309 quam-

619 1309 821 1375 plurimis
861 1308 1004 1374 potest
1045 1326 1129 1374 pro
1175 1312 1305 1356 variis
1353 1304 1665 1358 occasionibus
1704 1312 1863 1358 variari
1908 1329 1918 1363 3
1958 1312 2021 1357 ita
2066 1326 2115 1358 vt
2159 1310 2306 1357 existi-

618 1392 724 1424 men
748 1375 857 1442 ‘plus
889 1376 946 1423 ad
979 1376 1069 1423 hoe
1112 1378 1259 1424 valere
1293 1376 1613 1445 quotidianam
1651 1381 1825 1446 praxim
1853 1416 1865 1436 ‚
1906 1394 2044 1446 quam
2078 1382 2305 1426 rationem

617 1443 951 1512 speculatricem
995 1454 1038 1494 δε
1080 1461 1301 1514 praecepta
1337 1461 1619 1516 quaecunque
1653 1448 1678 1497 Ξ),
1719 1443 1980 1496 ἀοᾶἰίίὶπιίε
2021 1445 2201 1514 possent
2235 1445 2306 1495 af-

617 1514 736 1562 ferri.

697 1584 821 1649 Quia
838 1597 948 1629 vero
970 1584 1172 1632 &nostri
1195 1581 1367 1648 consilij
1395 1587 1515 1633 estin
1544 1587 1628 1633 hac
1655 1602 1780 1654 parte
1807 1584 2009 1651 prodesse
2037 1588 2086 1631 iis
2105 1602 2308 1654 quorum

619 1647 666 1703 iii
687 1650 908 1718 operibus
932 1647 1294 1723 scenographicae
1324 1652 1647 1702 delineationes
1687 1658 1881 1702 maxime
1917 1653 2161 1702 neceffariae
2190 1653 2310 1710 sunt,

621 1721 1131 1772 Architestisnirnirum
1165 1738 1262 1770 turn
1287 1722 1491 1771 ciuilibus
1509 1759 1522 1779 ,
1552 1739 1648 1772 turn
1677 1724 1943 1772 militaribus
1963 1747 1974 1774 s
1998 1740 2047 1770 vr
2066 1723 2219 1770 melius
2236 1727 2309 1770 in-

619 1788 834 1859 telligant
866 1792 1136 1861 capiantque
1164 1790 1335 1840 facilius
1366 1809 1457 1861 qua
1482 1798 1655 1840 ratione
1676 1794 1793 1841 datis
1829 1794 2059 1860 praeceptis
2086 1792 2308 1841 Vtendum

622 1857 677 1905 fit
721 1863 769 1906 in
812 1858 1196 1909 delineatiombus
1236 1858 1351 1917 suis,
1387 1857 1621 1929 Vtriusque
1663 1861 2036 1910 Architectonicae
2057 1861 2311 1927 exemplum

620 1943 763 1975 vnum
787 1942 864 1985 aut
891 1926 1078 1978 alterum
1109 1932 1238 1977 huius
1268 1932 1373 1995 artis
1391 1927 1722 1998 >professoribus
1751 1928 2073 1978 delineandum
2089 1928 2170 1978 esse
2189 1929 2310 1982 duxi,

620 1992 680 2044 sit
701 1999 861 2071 igitur..

710 2165 717 2172 ·
756 2138 923 2186 PRO
952 2137 1106 2185 Pos
1135 2139 1325 2186 ITIO
1373 2140 1804 2191 TRIGESIMA
1836 2136 2169 2195 QVARTA,

759 2274 888 2341 Baszm
908 2286 971 2331 ξφ
989 2275 1199 2345 capitellum
1218 2277 1360 2324 ordini5
1378 2280 1522 2327 Dorici
1548 2282 1587 2326 in
1607 2276 1701 2325 dat&
1722 2279 1891 2345 seHione
1907 2279 2181 2350 repraesentare,

1172 2346 1556 2420 se’uftenographice‘
1569 2347 1771 2396 delineare.

796 2486 841 2532 D
883 2483 1203 2534 delineandam
1237 2484 1501 2534 columnam
1540 2505 1592 2534 cx
1615 2480 1830 2533 mensuris
1859 2492 1904 2533 &
1940 2482 2319 2552 proportionibus

634 2486 894 2622 Aquae
918 2554 1092 2600 ordinis
1119 2555 1280 2600 Dorici
1308 2559 1501 2621 propriae
1527 2551 1657 2610 sunt,
1673 2554 2018 2602 determinanda
2042 2557 2237 2621 primum
2255 2554 2317 2600 est

631 2619 856 2670 columnae
883 2617 1282 2690 craffirud0,qualis
1298 2621 1400 2671 effer
1417 2627 1466 2672 in
1482 2623 1659 2672 Tabula
1679 2642 1742 2681 19.
1773 2623 2102 2691 diagrammate
2130 2622 2315 2670 XXXI.

631 2690 749 2739 illius
776 2692 991 2738 diameter
1022 2695 1066 2738 O
1092 2692 1130 2736 Ῥ
1154 2727 1167 2749 ,
1193 2707 1293 2759 quae
1320 2695 1368 2739 iu
1396 2693 1503 2742 duas
1533 2709 1678 2761 partes
1711 2691 1900 2760 aequales
1925 2691 2151 2740 diuidetur
2178 2695 2225 2741 O
2251 2694 2319 2749 N,

636 2762 754 2818 NP,
778 2774 974 2828 quar-um
993 2759 1153 2818 altera,
1178 2775 1317 2828 quarn
1347 2766 1535 2830 proprio
1561 2764 1752 2810 nomine
1777 2760 2016 2808 modulum
2033 2775 2318 2827 nuncupant,

634 2832 683 2876 in
719 2827 961 2877 duodecim
990 2844 1131 2895 partes
1160 2829 1351 2898 aequales
1378 2827 1593 2880 secabitur
1613 2869 1627 2890 ,
1653 2850 1702 2878 ex
1726 2831 1893 2900 quibus
1917 2829 2100 2888 deinde,
2112 2828 2319 2877 membris

634 2895 821 2966 singulis
838 2893 1146 2945 suae-meiisurae
1167 2907 1212 2947 δε
1232 2904 1555 2967 proportiones
1572 2900 1848 2958 tribuantur,
1869 2912 1921 2948 vt
1953 2899 2127 2947 videtur
2160 2901 2208 2945 in
2239 2916 2319 2947 or-

638 2966 885 3036 tagraphiae
912 2966 1030 3014 linea
1057 2971 1189 3023 AM,
1210 2970 1259 3014 in
1294 2985 1387 3037 qua
1412 2968 1642 3038 supposita
1665 2964 1901 3035 superioris
1931 2971 2068 3035 partis
2095 2967 2318 3017 columnae

639 3036 948 3083 diminutione
975 3033 1049 3083 seu
1078 3039 1364 3085 contraCturfi
1381 3075 1394 3096 ‚
1418 3042 1681 3109 proiee'turae
1706 3041 1841 3091 etiarn
1869 3055 1919 3085 ex
1945 3038 2319 3085 Architeistonicae

638 3107 866 3171 praeceptis
899 3109 1211 3170 exprimuntur
1230 3143 1241 3162 ,
1271 3107 1402 3174 quod
1429 3107 1565 3155 nobis
1590 3104 1690 3154 satis
1715 3106 1769 3155 fir
1788 3146 1801 3163 ‚
1832 3105 2204 3176 quandoquidem
2222 3122 2319 3152 non

642 3173 699 3219 cst
721 3173 765 3219 id
784 3172 918 3220 nobis
938 3172 1110 3236 consilij
1137 3173 1456 3224 Architecsturae
1476 3176 1594 3247 leges
1615 3186 1659 3227 &
1679 3192 1898 3244 praecepta
1917 3176 2107 3226 tradere,
2131 3171 2202 3220 sed
2225 3190 2321 3223 tan-

643 3254 739 3288 tum
771 3241 1167 3310 Architeehffiqua
1193 3247 1371 3291 ratione
1394 3243 1564 3310 poffint
1591 3246 1649 3293 ad
1677 3243 1968 3313 prospestum
1993 3245 2138 3293 reduci
2164 3260 2319 3292 eorum

644 3308 990 3375 delineationes,
1010 3311 1253 3361 ostendere.
1313 3312 1472 3363 Positis
1489 3315 1666 3386 ergo'ad
1680 3315 1845 3363 lineam
1865 3317 1905 3363 A
1919 3320 1971 3364 Μ
1984 3311 2318 3373 ‚altitudinibus
