2498 3898
633 254 742 286 ‘200
1158 237 1865 288 SCENOGRAPHVM

641 307 852 377 quaedam
870 310 918 355 in
933 324 1136 355 extremo
1157 306 1341 374 virgula:
1362 310 1403 356 A
1417 345 1429 363 ‚
1448 305 1508 356 sic
1524 305 1759 375 disposita,
1779 325 1827 355 vt
1845 304 2128 376 applicatum
2145 305 2327 357 eifilum

641 377 804 426 indicis
819 380 867 424 M
885 373 983 443 ,ipsi
996 374 1178 444 virgula?
1190 381 1222 423 B
1235 382 1274 425 A
1289 417 1300 436 ,
1312 395 1392 428 ‚oer
1403 394 1556 424 totum
1568 375 1834 444 aequidistet-

601 461 634 488 a·
709 451 902 496 Inuenta
919 449 1010 492 iarn
1028 450 1075 492 in
1097 443 1417 493 delineationis
1436 443 1574 513 plano
1592 444 1712 493 linea
1731 447 1855 506 ΒΜ,
1877 445 2110 495 mediante
2129 445 2208 494 filo
2229 443 2331 509 hN,

678 515 770 564 uod
783 512 1249 582 eidemliomologam
1260 519 1308 561 in
1320 513 1458 582 plano
1469 511 1608 562 scena*
1627 511 1905 582 repraesentat
1915 550 1927 567 ‚
1938 519 2240 582 requiriturin
2260 520 2330 584 ip-

659 605 683 633 a
703 591 735 633 B
749 586 825 643 M,
838 581 966 632 locus
979 586 1187 652 proprius
1197 587 1471 651 apparentiae
1483 581 1657 632 obiec‘ti
1673 581 1746 631 seu
1767 587 1926 649 puncti
1944 584 1977 646 s,
1993 585 2123 650 quod
2139 602 2186 632 vt
2203 582 2328 633 obti-

639 672 775 703 neam
786 694 798 714 ,
810 651 1146 722 apprehensum
1159 651 1299 700 altera
1309 671 1449 700 manu
1460 653 1662 700 indicem
1673 656 1725 700 M
1739 693 1750 713 ,
1767 650 1976 701 st1bie<stae
1988 652 2153 701 charta:-
2173 649 2233 702 sic
2252 673 2329 721 ap-

638 721 786 793 plico,
799 739 848 770 vt
867 719 1134 790 parallelum
1152 718 1327 788 semper
1345 739 1530 769 maneat
1550 718 1680 769 filum
1703 728 1736 770 B
1751 725 1803 770 M
1816 762 1828 782 ,
1841 732 1883 771 δε
1904 738 2061 769 tamen
2081 719 2172 790 ipse
2190 723 2329 770 index

636 789 784 841 versus
798 798 831 841 B
843 800 886 841 &
897 793 937 839 A
950 831 962 852 ,
972 787 1033 840 fic
1046 807 1309 848 moueatur,
1322 807 1370 838 vt
1382 790 1587 856 pondere
1604 793 1640 839 L
1652 828 1665 844 ,
1675 788 1843 839 surium
1861 788 2135 839 ascendente
2147 831 2159 851 ,
2172 790 2244 839 vel
2261 797 2332 838 in-

636 857 776 911 ferius
794 857 1103 910 descendente
1117 901 1128 921 ‚
1149 857 1368 928 globulus
1387 864 1458 919 N,
1476 860 1653 907 radium
1674 866 1885 927 opticum
1903 855 1927 906 a
1945 863 2117 926 puncto
2137 867 2180 911 R
2193 902 2206 921 ‚
2227 865 2274 908 in
2281 861 2322 931 s
2321 897 2334 916 ,

637 926 876 1001 profusum
907 948 1107 998 occupet
1124 929 1406 996 &impediat
1428 956 1439 989 ·,
1458 929 1579 977 vnde
1607 928 1790 999 liquido
1809 928 1988 977 constat
2011 933 2236 996 punctum
2261 936 2328 993 N,

637 1000 725 1049 effe
736 1005 783 1048 in
798 996 1617 1049 scenalocumvbivideturobiedtum
1628 995 1936 1067 propositum,
1961 997 2164 1067 ideoque
2187 1003 2329 1049 etiam

634 1073 683 1119 in
703 1069 842 1139 plano
863 1069 1165 1117 delineatorio
1185 1071 1407 1136 punctum
1429 1070 1483 1115 M
1499 1108 1511 1127 ‚
1532 1069 1662 1136 quod
1680 1067 1738 1116 ab
1757 1067 1909 1116 indice
1927 1064 2130 1134 signatur
2149 1066 2330 1136 effeipfi

634 1138 1084 1210 homologum,&in
1098 1158 1155 1188 eo
1175 1135 1346 1187 debere
1370 1134 1605 1207 quaesitam
1624 1142 1673 1187 in
1691 1135 1849 1187 tabula
1866 1137 1975 1186 dieti
1992 1140 2153 1203 puncti
2169 1132 2328 1186 sceno-

633 1208 1169 1279 gmphmmadmnbmn.
2096 1260 2100 1268 .

701 1280 846 1347 Qod
859 1297 1016 1329 autem
1025 1282 1249 1348 punitum
1261 1284 1327 1339 N,
1339 1282 1385 1326 in
1394 1275 1594 1328 sefflone
1607 1277 1902 1328 fiuescenafit
1913 1277 2040 1327 locus
2053 1283 2329 1345 apparentiae

630 1348 801 1417 puncti
813 1350 852 1411 f,
872 1348 1078 1417 respectu
1097 1347 1220 1395 oculi
1238 1353 1286 1395 in
1303 1353 1345 1398 R
1360 1385 1370 1404 ‚
1386 1348 1646 1409 constituti,
1662 1346 1978 1396 indubitatum
1997 1364 2156 1395 manet
2173 1365 2224 1395 ex
2241 1346 2321 1396 illo

629 1410 858 1466 axiomate
868 1417 1000 1486 quod
1010 1411 1104 1464 fuse
1117 1415 1545 1485 explicuimuslibro
1560 1423 1722 1486 primo.
1757 1415 1829 1465 Ibi
1847 1418 1911 1465 est
1928 1419 1993 1464 rei
2010 1412 2105 1463 visae
2127 1414 2256 1464 locus
2276 1421 2325 1465 in

628 1485 788 1555 aliquo
802 1486 963 1555 plano,
975 1484 1055 1534 vbi
1067 1486 1214 1534 radius
1226 1490 1408 1554 opticus
1420 1504 1501 1554 per
1510 1505 1607 1535 rem
1628 1487 1789 1536 ducstus
1812 1483 1959 1554 ipsum
1980 1482 2169 1552 planum
2187 1489 2325 1534 attin-

627 1558 720 1625 git,
734 1554 860 1625 finge
873 1561 998 1604 enim
1009 1553 1096 1604 tibi
1107 1554 1297 1622 planum
1309 1553 1467 1613 descrit
1487 1574 1587 1603 tum
1600 1574 1871 1622 permotum
1881 1554 1947 1603 fili
1957 1554 1981 1601 b
1991 1573 2042 1611 m,
2054 1571 2103 1602 vt
2115 1554 2326 1616 diximus,

625 1628 676 1675 in
686 1624 777 1675 hoc
789 1624 913 1675 certe
925 1623 1063 1694 plano
1073 1619 1368 1672 eritlineabm
1388 1658 1401 1676 ,
1412 1640 1554 1691 quam
1566 1624 1714 1672 radius
1732 1631 1775 1675 R
1790 1660 1799 1676 ,
1804 1625 1922 1692 sper
1941 1643 2040 1673 rem
2060 1623 2223 1672 duelus
2234 1665 2246 1682 ,
2257 1642 2326 1672 at-

626 1699 767 1765 tingit
787 1700 835 1746 in
852 1699 1028 1766 puncto
1045 1697 1094 1743 N
1111 1719 1122 1754 ;
1142 1710 1254 1764 ergo
1271 1695 1497 1762 punitum
1530 1698 1579 1743 N
1602 1694 1666 1748 est
1679 1692 1808 1742 locus
1828 1697 1989 1762 puniti
2023 1694 2073 1763 f,
2091 1698 2139 1741 in
2168 1692 2312 1761 plano

625 1761 780 1816 scenae.

692 1836 782 1885 Sed
792 1856 843 1885 ex
856 1835 988 1885 huius
1001 1832 1302 1902 problematis
1313 1834 1656 1886 construetione
1668 1833 1768 1886 satis
1781 1839 1920 1885 etiam
1937 1834 2201 1907 agnoscitur
2214 1834 2327 1903 pun?

623 1910 752 1956 <stum
764 1910 818 1955 M
831 1947 844 1967 ,
853 1904 912 1954 ab
926 1903 1079 1954 indice
1091 1901 1382 1975 designatum
1400 1911 1448 1954 in
1457 1904 1596 1974 plano
1608 1906 1928 1955 delineationis
1938 1946 1950 1967 ,
1967 1907 2053 1955 esse
2065 1903 2146 1969 ipfi
2157 1909 2205 1954 N
2217 1945 2229 1966 ,
2244 1903 2323 1952 ho-

623 1973 895 2046 mologurn,
907 1985 951 2026 &
961 1978 1121 2043 puncti
1133 1976 1165 2036 f
1165 1975 1297 2043 quod
1310 1976 1375 2025 est
1387 1980 1434 2024 in
1443 1973 1632 2024 obiecto
1647 1972 1884 2045 propofito
1895 2017 1908 2037 ,
1918 1973 2185 2044 requisitam
2204 1979 2251 2021 in
2262 1991 2324 2023 ta-

623 2042 735 2094 bula
753 2048 1071 2114 apparentiam
1090 2041 1501 2114 scenographicam
1520 2043 1736 2093 exhibere
1757 2067 1767 2093 ε
1787 2043 1918 2093 fimul
1940 2050 2065 2093 enim
2090 2049 2138 2092 in
2170 2041 2320 2112 spatiis

621 2114 877 2183 aequalibus
898 2125 941 2165 &
961 2114 1130 2163 eodem
1146 2131 1280 2162 motu
1298 2115 1601 2163 traducuntur
1620 2113 1804 2184 virgulae
1822 2112 1956 2162 simul
1978 2131 2195 2163 connexae
2213 2116 2254 2160 A
2267 2118 2319 2174 B,

621 2188 657 2234 B
670 2190 726 2248 C,
741 2203 843 2255 quae
854 2183 986 2234 filum
997 2201 1183 2253 portant
1192 2183 1643 2253 perpendicularium
1654 2184 1927 2232 directiuum
1941 2210 1952 2242 3
1968 2189 2013 2230 in
2025 2189 2057 2231 B
2074 2187 2114 2231 C
2124 2181 2319 2250 quidem

620 2254 1075 2323 perpendicularium
1086 2253 1210 2323 plani
1230 2249 1391 2314 scenae,
1404 2258 1532 2302 cuius
1555 2254 1620 2301 est
1637 2250 1753 2301 bafis
1774 2257 1818 2301 D
1834 2257 1868 2301 E
1883 2258 1952 2312 ,in
1964 2258 1995 2300 B
2010 2255 2051 2301 A
2065 2249 2196 2313 ,vero
2217 2269 2319 2318 per-

621 2324 992 2393 pendicularium
1018 2328 1066 2372 in
1098 2322 1238 2393 plano
1269 2322 1592 2371 delineationis
1610 2364 1623 2384 ,
1650 2326 1778 2371 cuius
1807 2322 1872 2370 est
1899 2317 2186 2370 vitrei-basis
2209 2323 2314 2380 FG3

619 2392 743 2442 vnde
775 2405 819 2444 &
836 2395 948 2442 durn
965 2410 1160 2462 Vtraque
1180 2410 1339 2441 manet
1358 2389 1439 2440 suae
1457 2390 1552 2440 basi
1576 2391 1992 2461 perpendicularis,
2015 2408 2157 2460 quam
2174 2408 2316 2438 occu-

655 2480 700 2512 at
720 2461 1062 2532 plania'eriisiue
1073 2463 1283 2513 sectionis
1297 2479 1474 2530 partem
1486 2459 1616 2509 filum
1631 2459 1654 2506 h
1664 2480 1701 2506 m
1713 2498 1725 2516 ,
1737 2461 1950 2509 eamdem
1963 2458 2055 2509 siue
2067 2457 2262 2507 similem
2272 2469 2318 2509 δε

617 2480 950 2604 {omologam,
971 2530 1233 2582 insubiedto
1247 2530 1569 2579 delineationis
1589 2529 1729 2599 plano
1748 2527 1957 2597 designat
1978 2531 2078 2576 ΒΜ
2091 2569 2104 2588 ,
2118 2538 2162 2576 &
2181 2524 2317 2575 simul

617 2607 903 2670 punctumin
914 2620 966 2651 ea
975 2620 1107 2651 notat
1120 2602 1320 2650 indexM
1329 2640 1342 2661 ,
1355 2599 1486 2669 quod
1497 2604 1544 2647 in
1587 2599 1769 2647 raedieffl
1784 2593 1924 2646 scenae
1936 2596 2074 2666 plano
2094 2593 2313 2665 globulus

617 2677 668 2721 N
682 2690 913 2742 ,occupat.
953 2677 1129 2722 Caetera
1143 2669 1340 2720 cubitus
1360 2673 1531 2738 puncta
1550 2618 2092 2727 1E11niliterinuenientur,
2112 2675 2156 2715 &
2179 2669 2227 2712 in
2246 2683 2313 2714 ta-

616 2740 727 2791 bula
739 2741 1063 2791 eodemmodo
1077 2744 1376 2810 prolicientur
1386 2780 1398 2800 ,
1409 2738 1538 2786 tradu
1546 2741 1627 2787 Ctis
1639 2742 1858 2786 nimirum
1869 2740 2205 2785 conuenienter
2222 2739 2309 2782 vir-

616 2811 784 2880 gulisA
800 2818 834 2861 B
847 2854 860 2874 ,
875 2813 903 2857 B
916 2817 981 2873 C,
994 2808 1226 2880 motisque
1247 2808 1399 2857 indice
1420 2810 1498 2869 M,
1511 2818 1555 2857 &
1573 2807 1779 2876 pondere
1801 2809 1837 2854 L
1858 2833 1869 2866 ·,
1890 2805 2022 2874 quod
2038 2823 2089 2852 ex
2108 2799 2204 2872 ipso
2223 2802 2311 2852 dia-

653 2899 873 2930 rammate
885 2879 985 2930 satis
998 2881 1177 2931 constat
1189 2920 1201 2941 ,
1213 2879 1418 2947 ideoque
1432 2876 1646 2945 ampliori
1668 2875 1974 2945 explicatione
1996 2891 2094 2921 non
2113 2872 2307 2941 indiget:

614 2899 715 3000 {tis
726 2956 849 2998 enim
861 2949 1193 2999 sciturinuenta
1207 2947 1382 2997 obieeti
1393 2950 1565 3015 punsta
1577 2948 1710 2994 red’tis
1723 2941 1894 2993 debete
1915 2946 2140 3012 coniungi
2160 2940 2308 3002 lineis,

613 3037 662 3068 vt
673 3023 851 3089 integra
862 3018 979 3068 illius
991 3023 1259 3088 apparentia
1270 3027 1314 3066 δε
1322 3013 1526 3084 perfecta
1538 3018 1795 3083 proiectura
1813 3011 2038 3062 habeatur
2055 3032 2065 3063 ‚·
2087 3010 2209 3059 vnde
2226 3011 2307 3059 ista

612 3094 660 3139 in
675 3093 811 3156 priori
821 3087 940 3137 libro
950 3086 1049 3137 satis
1061 3086 1392 3156 explicatanon
1401 3089 1653 3154 repetimus
1661 3124 1676 3147 ,
1691 3101 1793 3155 quae
1807 3102 1860 3132 ex
1871 3080 1972 3132 sein
1991 3076 2221 3153 ingeniosi
2235 3097 2304 3127 ar·-

613 3157 749 3229 tificis
764 3176 975 3212 mentem
990 3162 1254 3210 incurrunte>
1591 3154 1593 3157 ’

2016 3406 2301 3458 COROL-
