2498 3898
633 231 884 282 LIBER
931 235 1394 283 SECVNDVS.
1800 265 1852 306 133

185 308 271 353 'trio
298 297 753 349 collocabimu55sed
787 302 844 350 ad
869 301 1155 371 propositum
1192 304 1328 354 nobis
1358 313 1599 376 negotium
1626 313 1851 379 regredia-

184 391 297 420 mur.

252 438 456 507 Qando
470 437 595 486 voles
614 444 660 486 in
682 439 817 503 plano
840 439 1037 507 obliquo
1061 437 1317 510 perfeetum
1336 444 1610 512 quadratum
1620 444 1852 512 scenogta

183 507 320 579 phice
337 504 609 556 adumbrare
624 550 636 568 ,
650 504 787 557 docet
805 515 912 558 rein
927 508 1045 558 Tab.
1062 534 1133 572 24.
1144 509 1426 574 diagramma
1451 517 1539 561 XX
1550 518 1591 561 X
1603 526 1654 561 v.
1673 504 1848 566 mosim-

185 579 296 626 dum
321 596 414 647 qua
434 573 568 645 possis
589 577 656 637 id,
671 575 803 625 simili
826 574 920 626 fere
938 583 1113 627 ratione
1131 621 1143 640 ,
1174 571 1237 627 vtx
1250 586 1297 628 in
1327 581 1556 632 schemate
1586 591 1628 634 X
1649 589 1684 631 X
1703 589 1744 633 X
1765 592 1772 630 i
1794 591 1848 633 V.

185 652 362 715 operati
387 643 564 705 sumus,
596 646 847 713 expeditius
876 665 1030 694 tamen
1063 659 1105 697 &
1135 651 1426 700 commodius
1466 655 1664 713 praestare
1693 656 1854 704 *dueta

186 721 310 765 enim
327 716 447 764 linea
462 713 523 760 ad
538 714 699 783 aequali
721 714 847 762 lateri
868 716 1078 784 quadrati
1102 718 1344 787 propositi,
1379 717 1643 776 statutisque
1679 729 1725 772 in
1746 715 1865 792 ipsag

185 806 237 834 ex
265 788 521 854 quantitate
548 788 781 832 minorum
815 785 1163 853 quadratorum,
1186 783 1461 836 diuisionum
1499 786 1678 858 puntstis
1707 814 1726 840 e
1728 793 1852 859 [ξίφη

185 856 410 903 ducantur
425 851 483 900 ab
503 857 554 900 iis
570 857 699 901 rectae
715 845 842 902 line'ae
873 873 1197 904 concurrentes
1228 857 1287 904 ad
1315 863 1537 924 punctum
1561 865 1614 919 P,
1633 880 1680 910 vt
1711 861 1852 929 supra,

186 934 230 973 ἃ
254 921 524 970 exhibentes
547 927 781 970 minorum
812 924 1141 991 quadratorum
1164 924 1494 975 diminutiones
1527 924 1852 999 scenographi-

185 1013 258 1041 cas
280 1013 290 1043 ,³
311 990 478 1039 deinde
497 990 686 1041 occulta
698 992 889 1041 ducatur
908 991 1027 1040 linea
1046 991 1071 1040 a
1092 998 1264 1061 punffito
1287 994 1330 1055 cl,
1355 1000 1402 1042 in
1426 1002 1467 1045 R
1487 1024 1497 1055 3
1521 995 1615 1046 haec
1645 987 1813 1048 lineam
1830 1018 1855 1046 a

185 1068 239 1123 Ρ,
258 1060 408 1110 secans
433 1065 480 1108 in
500 1068 552 1122 B,
577 1057 861 1129 repraesentat
879 1061 1171 1131 diagonalem
1194 1069 1305 1124 DE,
1327 1061 1564 1113 schematis
1587 1072 1684 1116 XX
1698 1071 1768 1118 XI
1788 1072 1851 1116 lI.

184 1133 387 1198 ideoque
406 1128 618 1198 {punem
649 1127 694 1185 b,
720 1130 856 1179 dueta
889 1130 1101 1198 parallela
1128 1132 1255 1180 lineae
1273 1136 1356 1186 ad,
1386 1134 1568 1182 claudet
1601 1143 1854 1205 trapezium

184 1199 321 1253 abcd,
342 1218 424 1268 pro
446 1200 656 1267 quadrati
677 1196 867 1268 perfecti
888 1204 1167 1267 proiecturas
1192 1211 1235 1250 &
1252 1208 1396 1270 prima
1414 1202 1608 1252 latitudo
1625 1203 1856 1274 scenogra-

185 1271 322 1341 phica
347 1287 428 1336 pro
451 1268 688 1384 juadratis
716 1268 972 1318 minoribus
1000 1267 1313 1339 designabitur
1334 1277 1381 1320 in
1401 1271 1423 1321 k
1445 1313 1457 1332 ‚
1481 1271 1560 1319 vbi
1583 1274 1857 1323 diametralis

185 1344 435 1409 primituata
488 1335 532 1395 b,
553 1335 671 1387 secat
693 1337 911 1387 radialem
928 1352 970 1387 16
987 1359 999 1389 2·
1019 1335 1215 1387 secunda
1230 1360 1338 1389 vero
1359 1341 1554 1389 latitudo
1572 1347 1619 1390 in
1637 1348 1811 1410 puncfito
1831 1345 1858 1406 l,

185 1408 265 1457 vbi
284 1404 523 1457 intersecat
544 1407 713 1457 lineam
731 1407 755 1454 Ι)
776 1429 816 1470 5,
833 1414 965 1456 tertia
986 1414 1030 1456 in
1051 1427 1108 1469 m,
1126 1407 1205 1456 vbi
1226 1406 1343 1459 secat
1358 1410 1526 1458 lineam
1539 1430 1632 1478 g4‚·
1647 1423 1690 1461 &
1714 1409 1774 1461 sic
1801 1415 1857 1462 de

186 1483 382 1527 caeteris‚·
405 1496 486 1545 per
505 1495 605 1546 quae
633 1475 1006 1526 interstetionum
1024 1482 1193 1545 punffiia
1213 1478 1355 1528 duetae
1379 1478 1597 1547 parallelae
1620 1481 1781 1551 pqffs,
1800 1500 1859 1544 m,-

186 1558 270 1597 &c.
290 1541 489 1594 referent
507 1546 741 1614 parallelas
764 1549 793 1593 P
807 1546 884 1608 Q,
910 1549 1007 1601 RS,
1031 1551 1072 1593 T
1092 1551 1158 1603 V,
1179 1557 1261 1596 &o
1282 1549 1620 1619 diagrammatis
1636 1550 1855 1621 trigesimi

186 1634 318 1665 tertii.

257 1685 345 1734 Sed
362 1684 507 1752 poffet
522 1682 607 1732 tibi
624 1691 822 1754 proponi
836 1704 884 1734 vt
907 1691 954 1735 in
974 1685 1112 1754 plano
1133 1698 1176 1736 &
1195 1684 1337 1754 spatio
1349 1688 1654 1736 determinato
1667 1686 1859 1736 eiusmo-

186 1756 233 1803 di
249 1753 463 1822 obliquas
483 1758 790 1821 proiectiones
810 1755 1059 1804 delineares
1073 1797 1085 1816 ‚
1105 1756 1235 1825 quod
1255 1753 1546 1825 consequeris
1566 1757 1650 1806 hac
1671 1762 1859 1806 ratione⁴

184 1829 234 1872 in
253 1822 475 1893 assignato
495 1821 580 1870 tibi
596 1823 733 1892 plano
748 1843 787 1873 v.
800 1843 842 1894 g.
855 1820 1070 1873 inferiore
1093 1844 1217 1894 parte
1235 1823 1426 1874 Tabulae
1443 1848 1512 1888 24.
1530 1825 1700 1875 lineam
1720 1822 1862 1875 duces

185 1892 247 1940 ad
258 1930 270 1950 ‚
287 1891 510 1961 aequalem
526 1892 655 1941 lateri
670 1893 881 1961 quadrati
898 1892 1139 1962 propositi,
1151 1899 1295 1941 immo
1316 1904 1359 1942 &
1379 1892 1570 1944 cuiusuis
1588 1900 1857 1964 quantitatis

145 1979 150 1984 ·
187 1981 271 2031 pro
293 1966 543 2029 capacitate
562 1961 688 2030 plari
701 1960 929 2031 assignati,
947 1961 980 2011 si
1010 1963 1201 2031 quidem
1229 1968 1277 2009 in
1307 1962 1397 2011 hoc
1419 1962 1519 2012 casu
1544 1983 1643 2012 non
1665 1969 1859 2032 requiri-

187 2050 261 2080 tur
284 2027 458 2099 praecise
475 2035 699 2098 protestio
719 2031 873 2100 figurae
893 2033 1076 2100 aequalis
1102 2032 1327 2100 quadrato
1349 2038 1380 2078 A
1395 2035 1425 2077 B
1440 2037 1478 2079 C
1496 2037 1562 2094 D,
1587 2031 1662 2081 sed
1683 2050 1862 2082 tantum

187 2098 342 2150 similis
359 2109 402 2148 &
419 2095 624 2148 slmiliter
642 2099 809 2161 diuisae,
827 2119 875 2149 vt
895 2120 946 2149 ex
964 2097 1080 2149 infra
1097 2101 1302 2149 dicendis
1320 2100 1596 2151 innotescet:
1610 2103 1698 2151 duc
1718 2107 1857 2170 igitur

187 2174 236 2217 in
255 2167 477 2238 affignato
495 2168 634 2236 plano
654 2170 823 2218 lineam
842 2170 921 2227 ad,
940 2168 1144 2219 similiter
1161 2167 1349 2218 diuisam
1374 2175 1423 2218 in
1449 2176 1628 2239 punistis
1649 2191 1667 2218 e
1666 2170 1798 2239 fghi,
1816 2189 1864 2219 vt

189 2240 254 2298 est
275 2237 390 2286 latus
421 2238 632 2304 quadrati
659 2244 696 2286 A
713 2243 757 2286 D
776 2281 789 2300 ‚
815 2244 863 2287 in
891 2244 1070 2308 punitis
1091 2245 1125 2287 E
1141 2242 1167 2284 Ρ
1183 2242 1222 2286 G
1237 2238 1286 2285 H
1303 2243 1317 2284 l
1332 2275 1345 2292 ,
1373 2249 1417 2289 &
1440 2240 1498 2288 ad
1521 2240 1713 2310 aliquod
1746 2258 1865 2309 pun-

192 2304 320 2356 &tum
338 2326 376 2354 v.
398 2323 439 2373 g.
456 2309 506 2365 Ρ,
518 2311 565 2354 in
584 2306 727 2356 altero
744 2307 868 2377 plani
888 2326 1092 2356 extremo
1110 2308 1413 2357 constitutum
1437 2308 1526 2359 duc
1543 2309 1683 2359 lineas
1705 2309 1729 2358 a
1747 2326 1865 2378 pun-

191 2381 274 2425 ctis
292 2395 317 2422 a
329 2372 460 2442 efghz'
471 2373 660 2436 d,s1mul
682 2395 1127 2430 concurrentesstum
1145 2375 1225 2424 vbi
1246 2376 1618 2427 determinaueris
1642 2383 1866 2448 quantita-

191 2462 288 2494 tem
308 2448 496 2513 trapezii
515 2442 608 2494 siue
624 2441 767 2514 spatii,
785 2465 881 2515 quo
901 2444 1043 2495 debet
1062 2450 1556 2513 contineriproieetura
1573 2445 1864 2516 quaesita,V.g.

191 2533 271 2583 per
290 2514 460 2562 lineam
482 2511 558 2568 bc,
577 2534 677 2584 quae
698 2513 752 2564 sit
770 2514 981 2584 parallela
997 2515 1123 2564 lineae
1143 2514 1224 2571 ad,
1243 2524 1287 2563 δε
1314 2513 1495 2564 claudat
1520 2515 1713 2584 spatium
1731 2512 1864 2570 abed,

188 2581 248 2632 ab
266 2582 438 2653 angulo
457 2581 504 2644 d,
525 2584 738 2633 ducenda
755 2585 819 2633 est
842 2585 963 2633 linea
990 2584 1262 2633 diametralis
1288 2582 1504 2633 transiens
1536 2603 1616 2654 per
1643 2589 1867 2653 punistum

191 2650 240 2707 b,
257 2672 358 2722 quae
378 2653 673 2720 prodUCtain,
690 2652 724 2702 fi
748 2674 864 2723 opus
896 2655 982 2708 est,
1002 2654 1171 2702 lineam
1200 2655 1230 2699 P
1247 2657 1288 2701 R
1309 2695 1323 2714 ‚
1349 2650 1500 2702 secans
1519 2696 1532 2715 ‚
1562 2652 1691 2703 dabit
1720 2659 1767 2701 in
1791 2651 1867 2700 illa

189 2719 510 2771 interseetione
529 2726 755 2789 punistum
772 2745 792 2771 e
811 2742 907 2792 quo
929 2722 1097 2772 debeat
1114 2722 1340 2771 delineata
1366 2728 1621 2791 proiectura
1646 2726 1864 2790 conlpici,

190 2809 238 2840 vt
255 2793 568 2860 apparentiam
587 2791 797 2859 quadrati
814 2790 986 2860 quaesiti
1002 2791 1226 2841 exhibeat.
1257 2793 1470 2840 Similiter
1488 2803 1531 2841 δε
1550 2810 1657 2840 cum
1673 2809 1864 2859 propor-

191 2866 318 2909 tione
346 2876 478 2927 potes
504 2865 682 2928 operari
716 2866 763 2908 in
800 2862 1085 2929 proiiciendo
1112 2858 1326 2930 quolibet
1359 2860 1678 2930 quadrangulo
1698 2901 1709 2921 ‚
1739 2858 1869 2928 quod

189 2935 319 2978 vnius
342 2926 414 2976 vel
441 2927 648 2998 plurimis
664 2948 729 2998 qu
740 2930 994 2979 idratorum
1021 2935 1257 2979 minorum
1290 2936 1547 2998 quantitate
1575 2934 1756 2978 auctius
1789 2945 1865 2977 aut

191 2998 384 3068 amplius
407 2996 494 3045 effe
515 2995 804 3067 supponeres.

486 3139 1158 3189 COROLLARIVM
1218 3141 1573 3189 PRIMVM.

306 3284 357 3329 ¹X
377 3277 509 3327 huius
529 3275 828 3345 problematis
847 3278 1188 3327 construetione
1207 3295 1395 3346 apparet
1405 3274 1569 3343 quodsi
1585 3281 1631 3322 in
1641 3274 1865 3343 quadrato

314 3351 357 3398 A
370 3353 403 3397 B
414 3352 508 3398 CD
531 3345 871 3416 diagrammatis
886 3353 931 3397 X
942 3351 986 3397 X
997 3352 1042 3398 X
1051 3352 1070 3396 1
1080 3353 1098 3397 Ι
1109 3353 1138 3398 1.
1154 3352 1202 3395 'm
1219 3346 1375 3395 debita
1386 3349 1690 3464 ΡιὉΡοῑΙῑὲοηΞ
1698 3340 1867 3461 1ῥεῖα-ι’-
