2498 3898
619 267 696 313 190
952 249 1602 300 THAVMATVRGI
1672 243 1982 294 OPTICI

625 320 791 370 cubitis
810 319 1020 386 longam,
1042 324 1250 387 quinque
1269 337 1320 365 ac
1342 321 1504 386 viginti
1519 313 1944 365 milliumlibrarum
1963 314 2166 382 pondere
2184 312 2290 383 'gra-⁵

624 410 751 451 uem,
767 401 810 439 ὃς
830 377 1068 436 aufeorum
1088 385 1158 435 sex
1178 386 1373 434 millium
1394 396 1437 434 δε
1459 390 1823 454 quingentorum
1840 387 1986 451 pretio
2013 384 2290 438 aestimatam,

618 474 766 527 quam
785 466 944 507 Romae
967 461 1013 503 in
1033 453 1135 525 ipsis
1153 454 1368 504 Thermis
1393 451 1782 502 Constantinianis
1803 450 2022 500 conflauit
2044 467 2167 500 anno
2189 466 2289 514 1563,

623 546 678 576 ex
699 526 915 575 mandato
933 525 1186 573 Catliarinae
1202 523 1425 571 Mediceae
1443 525 1633 571 Franciae
1653 525 1843 590 Regina:
1862 538 1961 589 quae
1980 524 2060 567 viri
2079 518 2142 568 sui
2156 527 2289 570 Hen-

625 601 704 644 rici
741 593 936 645 Secundi
953 598 1104 641 viuam
1122 604 1165 642 δε
1184 591 1425 660 spirantem
1442 596 1625 639 iconem
1644 632 1655 650 ‚
1674 592 1731 638 ad
1749 607 2017 657 perpetuam
2045 588 2162 638 illius
2191 609 2289 638 me-

623 669 818 712 moriam
836 701 848 726 ,
866 661 1017 709 eidem
1037 679 1161 729 equo
1186 661 1538 728 imponendam,
1561 669 1604 708 δε
1631 664 1678 706 in
1710 662 1921 727 primario
1951 662 2146 706 ciuitatis
2169 663 2290 708 Pari-

625 729 773 780 siensis
798 730 904 778 loco
920 730 1204 778 statuendam
1219 770 1230 790 ,
1247 727 1305 776 ab
1325 728 1492 776 eodem
1516 727 1713 777 Daniele
1738 724 1871 774 fundi
1889 726 2076 776 volebat
2098 753 2108 785 5
2129 724 2290 774 &erum

625 818 808 848 mortuo
833 805 1006 847 interea
1024 803 1231 848 Heni-ico
1253 795 1473 857 secundo,
1491 797 1735 864 nostraque
1757 794 1903 844 Gallia
1921 794 2051 843 bellis
2067 797 2288 844 intestinis

624 871 847 939 exagitata
868 875 911 917 ὃς
928 872 1055 916 variis
1073 864 1344 918 tumultibus
1364 863 1668 926 vexatfi,solus
1688 881 1833 932 equus
1850 863 2073 912 conflatus
2090 863 2291 933 aliquan-

568 973 572 977 ·
624 938 703 986 diu
720 935 885 986 manfit
903 943 1065 986 Romae
1091 940 1138 983 in
1155 934 1526 986 Ruccellaiorum
1541 933 1712 984 Palatio
1727 974 1739 994 ‚
1761 932 1881 981 vnde
1913 943 1956 981 &
1984 937 2031 979 in
2057 938 2290 982 Franciam

622 1006 798 1056 delatus
831 1022 921 1074 per·
938 1023 1082 1053 annos
1106 1004 1284 1073 aliquot
1302 1044 1314 1064 ‚
1342 1022 1440 1050 non
1462 1002 1601 1073 longe
1627 1001 1685 1050 ab
1707 1000 1817 1050 vrbe
1842 1006 2030 1050 Lutaetia
2058 1006 2106 1048 in
2136 1006 2290 1071 Regio

626 1078 776 1124 Sancti
794 1078 1011 1123 Germani
1029 1069 1227 1122 Castello
1250 1070 1419 1141 positus
1436 1073 1575 1133 est,&
1594 1069 1784 1120 demum
1801 1089 1924 1119 anno
1943 1083 2028 1130 1632
2049 1087 2127 1118 aut
2147 1083 2224 1130 1633
2243 1074 2292 1118 in

623 1139 766 1211 ipsam
781 1142 941 1192 vrbem
955 1142 1178 1191 adductus
1197 1143 1285 1202 est,
1303 1152 1347 1190 ὃς
1363 1140 1614 1190 collocatus
1635 1146 1683 1188 in
1700 1138 1869 1188 aedibus
1885 1146 1943 1188 D.
1976 1139 2109 1187 Biard
2127 1139 2291 1187 statua-

626 1218 678 1260 rii
697 1217 867 1274 eximii,
887 1216 968 1280 qui
990 1210 1179 1259 iubente
1210 1208 1575 1260 Eminentissimo
1595 1209 1832 1259 Armando
1859 1207 2100 1258 Cardinale
2119 1208 2291 1258 Riche-

627 1281 688 1329 lio
702 1323 714 1342 ‚
732 1281 1095 1350 triumphantem
1110 1280 1336 1328 Ludouici
1363 1284 1505 1328 XIII.
1524 1290 1568 1328 &
1598 1278 1850 1327 coloffaeam
1880 1295 2072 1346 quoque
2090 1275 2291 1344 effigiem

626 1350 776 1398 eidem
793 1369 916 1418 equo
932 1348 1264 1416 imponendam
1282 1367 1334 1395 ex
1352 1366 1455 1396 cera
1475 1352 1674 1414 primum
1690 1350 2003 1405 concinnauit,
2034 1345 2189 1412 postea
2206 1364 2289 1392 aere

624 1413 743 1466 fudit
761 1419 941 1466 decimo
962 1415 1189 1465 Calendas
1209 1420 1403 1464 Ianuarii
1421 1433 1542 1463 anno
1560 1429 1671 1476 1636,
1706 1426 1750 1464 δε
1767 1415 1954 1462 tandem
1968 1411 2050 1482 ipsi
2070 1431 2193 1481 equo
2221 1418 2290 1460 in-

624 1484 847 1535 fidentem
861 1528 872 1547 ,
890 1496 934 1535 ὃς
951 1482 1168 1534 omnibus
1188 1489 1385 1533 numeris
1402 1482 1658 1533 absolutam
1679 1501 1942 1532 marmoreae
1970 1480 2064 1531 basi
2085 1482 2291 1550 praestan-

625 1553 794 1603 tissimae
812 1571 935 1603 anno
956 1553 1163 1621 sequenti
1192 1552 1430 1622 imposuit,
1447 1558 1496 1601 in
1520 1552 1777 1602 meditullio
1802 1552 2117 1620 Hippodromi
2139 1554 2291 1619 Regii,

623 1622 701 1672 vbi
718 1629 969 1673 etiamnum
989 1619 1277 1690 conspicitur.
1349 1629 1352 1632 ’

626 1802 629 1806 ,
1227 1758 1681 1813 APPENDIX.
2034 1770 2059 1796 ⁰

750 1904 858 1954 Vod
878 1901 1029 1951 obiter
1045 1907 1308 1952 monuimus
1332 1904 1390 1952 ad
1421 1902 2100 1974 propositionemvvndecim'am
2127 1901 2293 1970 praecess

754 1974 940 2021 dentem
960 1972 1017 2020 de
1045 1970 1121 2020 vsu
1144 1970 1376 2040 telescopii
1393 1973 1417 2022 ἐ
1437 1973 1618 2042 duplice
1648 1973 1770 2022 lente
1797 1988 2004 2022 conuexa
2029 1968 2289 2039 compositi,

623 2044 754 2113 quod
768 2047 862 2090 vim
875 2039 1017 2090 habet
1032 2034 1323 2090 obiectorum
1348 2043 1523 2091 molem
1541 2041 1853 2110 ampliandi&
1873 2039 1979 2090 fitus
2000 2039 2129 2089 realis
2150 2057 2208 2108 ap
2228 2041 2291 2087 aa

622 2118 816 2161 rentiam
831 2110 1125 2170 immutandi,
1144 2128 1313 2179 magna
1330 2129 1453 2160 certe
1481 2121 1525 2161 δε
1553 2126 1650 2158 non
1672 2111 1874 2180 vulgaria
1902 2109 2099 2158 inuoluit
2124 2057 2291 2173 mygea

623 2186 687 2229 ria
704 2192 747 2231 &
762 2199 861 2247 quae
879 2179 1098 2228 haCtenus
1119 2177 1143 2227 a
1160 2183 1370 2233 nemine,
1389 2181 1518 2249 quod
1534 2179 1667 2228 sciam
1682 2221 1694 2240 ,
1713 2185 1760 2227 in
1777 2178 1903 2227 vsum
1922 2176 2119 2226 deducta
2144 2175 2290 2238 fuere,

620 2268 776 2318 neque
796 2255 843 2297 in
863 2247 948 2297 illis
974 2245 1333 2316 proiectionibus
1361 2247 1565 2317 obliquis
1592 2266 1787 2317 quarum
1815 2247 1880 2311 ibj
1903 2248 2293 2296 constructionem

622 2318 862 2366 docuimus
881 2358 893 2378 ‚
922 2334 1075 2384 neque
1103 2318 1161 2365 ad
1187 2315 1293 2363 alias
1323 2315 1490 2386 figuras
1520 2329 1563 2368 δε
1589 2322 1810 2387 imagines
1840 2314 2207 2384 conspiciendas,
2233 2315 2291 2362 de

621 2385 790 2455 quibus
807 2404 908 2435 toto
932 2385 1022 2434 hoc
1040 2382 1158 2433 libro
1178 2387 1514 2447 tractamine&
1535 2405 1643 2435 cum
1662 2403 1817 2435 tamen
1839 2400 2018 2434 certum
2047 2382 2101 2432 s1t
2125 2389 2173 2431 in
2198 2384 2290 2431 istis

619 2454 839 2504 omnibus
865 2451 1087 2503 eiusmodi
1110 2451 1356 2522 telescopia
1381 2454 1512 2502 valde
1535 2453 1704 2503 vtiliter
1730 2465 1774 2504 &
1803 2454 2038 2519 eleganter
2061 2450 2286 2511 adhiberi;

621 2542 755 2572 erunt
781 2529 906 2572 enim
925 2523 1194 2571 adiumento
1223 2521 1385 2571 melius
1415 2521 1735 2592 perspiciendis
1768 2511 1971 2590 partibus
1997 2520 2290 2568 obiectorum

621 2590 945 2641 remotioribus
958 2631 971 2651 ,
989 2601 1033 2639 δε
1051 2591 1108 2638 ad
1127 2591 1198 2650 id,
1216 2591 1347 2658 quod
1361 2597 1558 2640 maxime
1582 2591 1856 2651 intenditur,
1873 2588 2138 2658 aspicientes
2158 2583 2288 2636 falle-

620 2679 667 2708 re
679 2671 723 2710 &
739 2664 1044 2728 inexpectatas
1066 2657 1231 2727 figuras
1249 2658 1394 2708 oculis
1416 2659 1857 2721 exhibere‚maxime
1874 2658 2140 2708 conducent
2152 2697 2164 2718 ,
2181 2671 2288 2705 cum

621 2729 704 2777 rite}
721 2727 991 2797 descriptam
1017 2737 1061 2776 ὃς
1090 2726 1277 2775 venuste
1302 2727 1623 2778 adumbratam
1647 2734 1899 2794 imaginem
1923 2725 2011 2775 situ
2039 2729 2191 2774 erecto
2219 2744 2287 2773 re-

622 2796 955 2863 praesentabunt
971 2836 984 2857 ,
1004 2814 1102 2864 quae
1122 2794 1256 2844 stabit
1275 2800 1323 2843 in
1350 2796 1509 2846 tabula
1533 2796 1725 2860 inuersa,>
1741 2783 1792 2846 t&
1817 2796 1941 2845 velut
1967 2813 2090 2844 extra
2121 2792 2289 2862 proba-

621 2865 723 2913 bilis
745 2869 1015 2915 coniecturae
1033 2864 1105 2912 vel
1123 2870 1381 2933 apparentis
1400 2864 1658 2934 suspicionis
1675 2863 1966 2916 occasionem
1981 2863 2039 2912 ad
2050 2861 2288 2911 obie<stum

620 2932 986 3003 dignoscendum
1005 2932 1262 2982 constituta.
1290 2934 1378 2983 Sed
1405 2935 1486 2983 ista
1509 2933 1648 2984 fusius
1680 2933 1909 2984 declarare
1931 2951 2009 2981 aut
2035 2931 2288 2979 distinctius

621 3002 843 3070 explicare
860 3004 1095 3051 constituti
1114 3002 1220 3073 h·uic
1242 3007 1357 3068 parti
1382 3000 1597 3072 simplicis
1623 3010 1786 3073 opticae
1813 3006 1996 3050 termini
2021 2996 2287 3069 prohibent,

621 3079 892 3140 quanquam
906 3089 1004 3119 non
1060 3073 1261 3117 otuimus
1286 3069 1380 3119 haec
1408 3090 1551 3138 pauca
1575 3090 1674 3120 non
1689 3071 1891 3122 recolere
1909 3112 1922 3132 ,
1946 3088 2047 3138 quae
2071 3085 2289 3136 magnam

620 3139 861 3188 vtilitatem
889 3149 932 3188 &
958 3137 1022 3187 ob
1044 3142 1355 3187 edtamentum
1377 3137 1603 3207 singulare
1629 3137 1876 3212 ingeniosis
1911 3135 2161 3188 artificibus
2187 3131 2286 3201 poss

622 3204 664 3254 su
671 3225 721 3255 nt
737 3207 909 3258 afferre.
