2498 3898
635 254 713 291 194
1134 225 1868 283 SCENOGRAPHVM

637 300 770 350 simul
788 316 1016 352 connexas
1034 299 1205 351 litteras
1222 306 1259 352 L
1281 310 1325 349 ὃς
1344 305 1407 360 C,
1426 301 1627 348 nominis
1654 296 1774 347 illius
1801 294 2005 346 authoris
2034 297 2322 368 expreffiuas:

639 370 714 423 sed
729 372 788 422 ad
808 392 906 422 rem
924 377 1172 419 veniamus.

903 511 1527 561 SCENOGRAPHI
1582 510 2063 558 CATHOLICI

1017 598 1205 630 N0T1o
1241 596 1309 629 ET
1347 596 1712 630 DESCRlPTIO
1749 592 1964 628 PARTES

737 720 1106 792 Cenographum
1140 717 1439 769 Catholicum
1460 759 1472 780 ‚
1498 736 1546 766 vt
1579 722 1670 766 iam
1696 716 1796 767 satis
1826 722 2083 781 innuimus,
2104 721 2170 771 est
2203 724 2326 791 apud

738 809 823 841 nos
848 793 1206 841 instrumentum
1237 786 1486 836 vniuerfale
1513 788 1571 836 ad
1599 787 1841 836 obeundas
1862 807 1915 837 ex
1940 795 2044 838 artis
2068 789 2326 862 praestripto

632 859 933 931 quascunque
955 860 1288 909 delineationes
1308 855 1689 928 scenograpliicas
1709 859 2229 922 accommodatum,sed
2249 882 2329 931 po-

632 933 719 981 test
738 931 832 982 haec
852 928 1064 979 definitio
1085 928 1181 978 aliis
1207 945 1402 997 quoque
1427 927 1560 976 huius
1587 932 1766 996 generis
1795 927 2132 990 instrumentis,
2150 932 2327 983 etiamsi

633 998 814 1050 diuerla:
841 997 929 1049 sint
944 995 1127 1048 fabricae
1147 1009 1191 1048 δε
1208 998 1562 1047 constructionis
1582 996 1772 1046 attribui
1793 1023 1805 1056 ·,
1825 1014 1967 1065 quare
1995 1016 2044 1046 vt
2062 1005 2209 1068 magis
2229 1000 2329 1071 spe-

631 1070 799 1121 cialem
821 1068 992 1119 habeas
1023 1068 1157 1118 huius
1183 1071 1399 1116 notitiam
1430 1077 1474 1116 ὃς
1501 1065 1777 1134 ampliorem
1805 1063 2192 1135 descriptionem3
2212 1090 2327 1120 con-

629 1138 854 1210 templare
871 1145 919 1188 in
938 1137 1058 1189 Tab.
1077 1150 1132 1199 36.
1153 1135 1353 1206 singulas
1380 1141 1476 1185 eius
1498 1153 1647 1204 partes
1667 1154 1864 1204 quarum
1886 1134 2054 1205 figuras
2075 1136 2100 1185 e
2116 1157 2329 1207 prototy-

634 1216 702 1278 pis
723 1207 887 1272 nobis,
904 1227 952 1257 vt
974 1207 1104 1276 supra
1128 1208 1346 1266 diximus,
1368 1206 1543 1254 traditis
1573 1205 1757 1254 acurate)
1786 1205 2144 1268 dehneauimns,
2165 1219 2210 1259 ὃς
2230 1229 2327 1259 rea-

632 1279 697 1329 les
715 1284 762 1327 in
781 1283 832 1327 iis
853 1275 1083 1328 mensuras
1104 1297 1158 1326 ex
1182 1274 1298 1324 scala
1312 1291 1392 1343 op,
1412 1292 1513 1342 quae
1537 1274 1602 1322 est
1619 1275 1747 1341 pedis
1766 1279 1921 1334 vnius,
1943 1274 2249 1342 expreffimug,

714 1344 879 1399 Refert
899 1351 1039 1415 igitur
1060 1346 1155 1395 haec
1175 1341 1296 1391 Tab.
1322 1355 1378 1405 36.
1406 1347 1454 1390 in
1480 1342 1816 1411 diagrammate
1844 1344 2019 1392 LXXI
2035 1347 2048 1389 1
2066 1348 2108 1405 Ι,
2128 1347 2325 1415 vii-gulas

629 1435 832 1487 quatuor
849 1420 1013 1474 reetaS,
1040 1432 1228 1471 teretes,
1254 1410 1438 1460 duobus
1456 1407 1553 1460 fere
1574 1409 1769 1478 pedibus
1787 1412 1950 1480 longas
1968 1440 1978 1472 3
1998 1418 2142 1481 prima
2163 1420 2328 1478 FG,in

626 1485 812 1536 duobus
832 1489 1044 1533 extremis
1066 1490 1095 1533 F
1113 1490 1157 1533 δὲ
1173 1487 1213 1531 G
1227 1525 1238 1543 ,
1252 1480 1396 1530 habet
1420 1480 1515 1528 duo
1531 1479 1675 1528 veluti
1700 1477 1846 1531 fulcra
1865 1482 2026 1531 striatis
2046 1481 2239 1549 superne
2261 1506 2329 1536 ca·

629 1554 802 1625 pitibus
823 1549 1325 1613 fibiinse1·ta,inferiori
1346 1568 1455 1598 vero
1478 1566 1605 1617 parte
1624 1556 1912 1613 acuminata,
1928 1571 1976 1601 vt
1998 1548 2136 1601 facile)
2158 1554 2328 1623 poffinc

626 1624 793 1675 tabulae
812 1623 976 1693 ligneae
995 1621 1067 1671 vel
1085 1627 1351 1688 cuicunque
1373 1618 1696 1667 delineazionis
1752 1619 1859 1669 lano
1877 1620 2022 1690 infigi.
2046 1622 2234 1674 Possunt
2253 1645 2329 1674 au-

627 1713 723 1745 tem
743 1691 1006 1744 huiusmodi
1023 1691 1208 1760 virgulae
1223 1696 1265 1739 δε
1282 1684 1430 1737 fulcra
1449 1706 1502 1735 ex
1519 1683 1640 1736 ferro
1654 1725 1665 1740 ,
1685 1638 1908 1755 calybe,
1928 1691 2121 1740 metallo
2151 1693 2222 1742 vel
2240 1694 2327 1744 alia

625 1762 838 1833 qualibet
851 1766 1041 1811 materia
1059 1761 1170 1809 dura
1192 1770 1234 1809 ὃς
1252 1757 1392 1806 solida
1409 1756 1527 1815 fieri,
1541 1757 1751 1824 praestant
1774 1776 1931 1808 tamen
1950 1756 2104 1809 ferreae
2126 1757 2324 1813 seucha-

624 1832 770 1901 lybeae
790 1873 803 1894 ,
831 1830 990 1900 quales
1020 1828 1122 1878 sunt
1149 1830 1236 1877 istae
1264 1845 1378 1896 quas
1405 1830 1700 1875 tractauimus
1717 1868 1730 1888 ,
1766 1835 1996 1898 argenteis
2024 1835 2165 1880 etiam
2188 1851 2328 1882 orna—

622 1908 793 1952 mentis
813 1900 1015 1967 eleganti
1031 1896 1226 1947 artificio
1244 1896 1494 1956 decoratae,
1513 1899 1623 1965 quia
1642 1900 1862 1946 nimirum
1889 1899 1997 1948 inde
2027 1903 2325 1952 commodius

624 1983 671 2024 δε
688 1968 866 2022 facilius
891 1967 1177 2019 fabricantur
1193 2008 1208 2029 ,
1226 1966 1519 2036 laeuigantur,
1537 1975 1581 2015 δε
1609 1966 1668 2014 ad
1694 1985 1880 2017 motum
1898 2009 1913 2030 ,
1929 1973 2006 2018 cui
2026 1970 2327 2034 destinantur,

624 2041 745 2092 fiunt
765 2045 979 2111 aptiores.

716 2119 832 2162 Sunt
847 2120 891 2160 δε
911 2108 1005 2158 aliae
1028 2107 1126 2156 duae
1153 2125 1206 2154 ex
1227 2105 1392 2155 eadem
1412 2110 1604 2155 materia
1625 2109 1667 2155 A
1683 2112 1742 2167 B,
1765 2111 1797 2154 B
1812 2110 1876 2168 C,
1897 2106 1955 2154 ad
1990 2126 2167 2179 partem
2188 2117 2249 2173 B,
2268 2110 2325 2161 fi„

623 2181 722 2232 mul
740 2186 803 2230 ita
819 2182 1103 2238 coniunc‘tae,
1122 2194 1170 2224 vt
1189 2180 1309 2225 circa
1327 2171 1541 2224 foramen
1555 2176 1601 2229 d,
1619 2175 1747 2224 velut
1763 2180 1883 2224 circa
1912 2196 2044 2226 axem
2064 2178 2234 2247 posfint
2253 2200 2323 2230 re-

624 2251 755 2300 uolui
772 2261 816 2301 &
833 2250 889 2298 ad
910 2245 1143 2318 quossibet
1161 2244 1358 2316 angulos
1375 2242 1509 2293 simul
1534 2250 1760 2314 componi
1772 2272 1783 2304 3
1797 2249 1846 2292 in
1855 2248 2031 2316 virgula
2048 2266 2205 2298 autem
2218 2256 2250 2298 Β
2264 2257 2321 2313 C,

623 2322 684 2369 ad
703 2337 960 2370 extremum
978 2323 1041 2378 C,
1062 2321 1265 2366 cernitur
1291 2315 1504 2384 quaedam
1526 2320 1788 2384 proiectura
1803 2313 1845 2371 b,
1877 2322 2005 2365 tenui
2024 2316 2173 2366 fissura
2193 2319 2324 2389 supe-

618 2394 710 2439 rius
727 2384 1365 2455 excauata,continendoque
1386 2394 1431 2434 &
1449 2381 1644 2432 ferendo
1672 2385 1993 2453 perpendiculi
2021 2385 2101 2435 filo
2129 2388 2317 2450 idonea5

621 2457 1010 2530 perpendiculum
1027 2475 1136 2504 vero
1157 2453 1239 2502 filo
1256 2472 1488 2503 annexum
1508 2458 1778 2523 exprimitur
1791 2453 1938 2518 figura
1955 2459 1992 2504 L
2005 2498 2016 2517 ‚
2028 2467 2071 2506 δε
2090 2462 2138 2505 in
2151 2459 2322 2508 eodem

620 2527 703 2578 filo
722 2530 932 2579 LCNM
947 2563 959 2584 ,
989 2529 1212 2594 punctum
1233 2529 1307 2584 N,
1320 2528 1533 2592 exprimit
1551 2522 1801 2592 globulum
1822 2511 1914 2572 siue
1935 2530 2156 2574 vnionem
2175 2528 2233 2576 ad
2249 2547 2319 2576 ar-

623 2596 815 2649 bitrium
829 2594 1060 2645 mobilem
1080 2622 1092 2654 -,
1112 2604 1156 2644 ὃς
1175 2594 1234 2642 acl
1254 2593 1378 2640 aliud
1404 2591 1471 2641 fili
1496 2610 1756 2641 extremum
1782 2591 2065 2661 conspicitur
2094 2593 2243 2665 figura
2260 2599 2317 2646 M

621 2689 641 2717 r
659 2710 672 2730 ,
701 2687 802 2738 quae
820 2664 1012 2736 posthac
1031 2664 1200 2713 Indicis
1219 2666 1413 2711 nomine
1433 2667 1560 2711 venit
1576 2660 1881 2730 appellanda,
1904 2661 2049 2713 habet
2067 2668 2206 2714 etiam
2231 2671 2319 2715 vir·

623 2737 732 2808 gula
748 2741 858 2797 AB,
877 2740 926 2783 in
938 2733 1083 2783 altero
1104 2750 1311 2781 extremo
1332 2735 1640 2800 proiedturam
1657 2728 1731 2779 seu
1752 2737 2114 2799 prominentiam
2131 2752 2172 2796 c,
2192 2734 2319 2785 haud

620 2806 834 2856 inutilem
854 2823 903 2854 vt
924 2802 1101 2874 patebit
1121 2807 1169 2851 in
1185 2800 1285 2862 vsu,
1308 2798 1452 2850 habet
1470 2819 1666 2872 quoque
1689 2800 1963 2851 vncinulum
1985 2802 2062 2851 seu
2088 2808 2318 2855 retinacu-

620 2875 720 2926 lum
737 2894 785 2938 α,
800 2872 1068 2924 sustinendae
1086 2872 1240 2922 eidem
1258 2868 1444 2941 virgulae
1460 2869 1738 2941 appositum.

692 2948 872 3012 Qrta
889 2944 1094 3012 denique
1111 2940 1289 3011 virgula
1303 2941 1368 2989 est
1386 2944 1478 2988 DE
1493 2982 1505 3002 ,
1517 2946 1672 3010 primae
1692 2945 1721 2988 F
1733 2941 1797 3001 G,
1809 2937 1986 3008 prorsus
1997 2941 2319 3011 aequalis&fe-*

622 3014 671 3064 re
695 3012 901 3064 similiter
918 3008 1247 3081 disposita,nis1
1265 3010 1397 3078 quod
1418 3008 1563 3058 habet
1581 3008 1728 3058 fulcra
1745 3013 1791 3058 D
1813 3019 1857 3059 δε
1875 3015 1935 3071 E,
1954 3014 2015 3075 ita
2030 3030 2314 3083 comparata,

620 3102 670 3134 vt
685 3082 823 3152 ipsius
842 3085 1151 3131 extremitates
1172 3083 1221 3127 in
1241 3079 1394 3127 striam
1410 3095 1646 3129 contortas
1665 3077 1750 3127 rite
1770 3084 2020 3148 excipiant,
2039 3080 2218 3153 illisque
2238 3083 2314 3132 fir-

620 3159 758 3202 miter
780 3148 1203 3218 adhaereant,quod
1221 3145 1321 3196 satis
1339 3152 1606 3216 exprimitur
1625 3148 1683 3199 ad
1700 3166 1881 3217 partem
1897 3148 2046 3209 E,vbi
2063 3148 2313 3202 solitarium

621 3221 847 3272 eiusmodi
862 3219 1064 3270 fulcrum
1081 3229 1125 3269 δε
1149 3216 1174 3267 Ξι
1189 3215 1366 3288 virgula
1388 3216 1643 3285 leparatum
1658 3222 1936 3286 exprimitur.

689 3292 970 3342 Notandum
986 3294 1126 3338 etiam
1148 3288 1214 3337 est
1232 3292 1280 3335 in
1299 3284 1523 3335 eiusmodi
1540 3285 1697 3337 fulcris
1715 3286 1773 3335 ad
1802 3305 1953 3355 partes
1976 3288 2160 3338 illorum
2187 3308 2312 3340 exte-

622 3364 763 3411 riores
787 3360 1023 3430 duplicem
1040 3358 1184 3409 veluti
1199 3355 1398 3423 fissuram
1416 3355 1564 3425 qualis
1581 3358 1762 3408 videtur
1781 3362 1973 3425 exprimi
1988 3359 2046 3407 ad
2060 3377 2240 3426 partem
2264 3359 2307 3417 h,
