2498 3898
651 219 914 269 LIBER
984 218 1340 270 PRIMVS,
1784 230 1832 274 17

167 286 413 357 postratum
447 285 719 336 simulachra
748 284 918 355 poffint
949 288 996 332 in
1024 285 1258 334 obiecitum
1289 288 1476 332 interius
1505 279 1586 352 ipsi
1615 281 1833 333 foramini

163 359 353 405 linteum
378 353 453 404 scu
486 356 688 405 chartam
709 357 927 404 mundam
944 353 1166 421 appellere
1195 364 1239 403 δε
1261 357 1309 400 in
1328 371 1376 401 ea
1400 356 1624 420 pidruram
1655 352 1837 401 ordina-

168 426 404 481 tissimam,
427 423 854 494 scenographiaeque
887 423 1061 493 legibus
1087 439 1162 489 per
1187 426 1343 469 omnia
1362 419 1651 471 conformem
1675 421 1836 468 adum-

167 493 295 542 brare
316 515 327 548 3
351 498 595 564 Egregium
620 492 723 542 sane
751 489 1054 559 specff’caculum
1082 491 1209 560 quod
1240 490 1440 560 {ingulos
1468 494 1516 538 in
1547 488 1630 538 hac
1654 488 1834 538 scientia

165 566 311 614 minus
331 561 526 612 versatos
548 559 677 610 facile
693 561 885 610 adducat
914 564 961 607 in
983 560 1328 607 admirationem
1350 596 1364 613 ,
1387 555 1581 608 maicimex
1600 557 1637 607 si
1661 559 1837 607 nudum

162 627 373 680 foramen
398 631 516 680 haud
537 631 833 699 relinquatur,
847 626 921 677 sed
941 629 1161 696 ampliato
1192 625 1261 676 seu
1282 632 1438 675 maiori
1451 626 1613 677 effecto
1634 627 1728 675 lens
1752 626 1835 674 ali-

172 718 261 770 qua
283 701 461 769 paulum
488 717 688 748 connexa
718 709 761 748 &
790 698 987 766 perfecte
1018 697 1248 746 elaborata
1272 694 1539 746 adhibeatur
1560 716 1572 750 ·‚
1596 713 1691 744 tum
1714 698 1836 744 enim

169 769 373 820 mirabile
400 775 519 817 'certe
549 767 607 816 est
638 785 776 838 quam
803 771 908 816 vina
943 783 1041 814 non
1070 782 1246 813 tantum
1278 764 1353 812 sua
1380 765 1834 832 lineamenta,quam

171 837 430 887 ordinatam
468 835 530 885 sui
552 834 926 904 scenooraphiam
948 873 961 893 ,
986 834 1058 882 sed
1087 851 1221 901 quam
1253 832 1435 881 subtiles
1460 836 1665 881 omnium
1706 831 1836 880 colo-

170 925 267 956 rum
281 906 528 964 ,luminum
548 915 590 956 ὃς
615 879 875 954 vmbrarum
897 901 1191 971 expressiones
1211 902 1391 949 obieeta
1410 900 1628 950 eiusmodi
1644 904 1691 949 in
1706 900 1837 949 char-

170 993 215 1025 ta
248 975 524 1024 exhibeant:
552 973 727 1042 poffum
757 973 899 1020 dicere
926 971 1164 1022 venustam
1195 972 1309 1019 adeo
1340 970 1520 1020 illorum
1551 973 1768 1038 pidiuram
1789 973 1837 1017 in

171 1061 413 1094 momento
451 1061 660 1112 exurgere
691 1058 742 1091 vt
782 1058 879 1089 cam
924 1040 996 1089 vel
1033 1037 1380 1089 excellentiffimi
1411 1043 1595 1107 pictoris
1622 1039 1837 1088 industria

171 1117 336 1163 imitari
365 1113 521 1182 aliquo
547 1112 692 1160 modo
722 1107 797 1158 sed
827 1114 977 1177 potius
1006 1108 1206 1157 inuidere
1237 1126 1373 1180 quam
1407 1111 1642 1178 adaequare
1669 1103 1837 1176 praesu-

167 1199 265 1232 mat
284 1200 294 1234 ς
313 1182 361 1229 id
380 1185 501 1228 enim
523 1180 637 1228 mihi
664 1178 862 1249 ingenue
890 1176 1069 1247 profcssi
1091 1176 1194 1225 sunt
1215 1177 1538 1247 quamplurimi
1565 1181 1613 1226 in
1634 1194 1835 1226 artenon

168 1252 380 1321 postremi
403 1266 518 1319 quos
539 1265 635 1297 tum
659 1244 854 1306 Parisiis,
875 1264 970 1296 tum
1003 1247 1076 1295 hic
1101 1245 1264 1297 Romae
1284 1246 1517 1295 luculento
1540 1248 1643 1295 huic
1662 1243 1837 1314 sped'ca-
1867 1251 1870 1253 ’

172 1320 273 1369 culo
298 1321 347 1367 in
374 1318 483 1368 cella
511 1317 717 1366 exhibito
746 1316 977 1386 praesentes
1005 1316 1192 1365 adhibui
1217 1334 1402 1365 :verum
1432 1334 1530 1364 non
1558 1316 1617 1363 est
1645 1315 1839 1364 instituti

168 1389 311 1439 nostri
332 1404 408 1438 aut
428 1383 600 1451 consilij
620 1386 913 1454 phaenomeni
931 1387 1060 1436 huius
1078 1384 1322 1454 singularia
1345 1382 1576 1456 prosequi,
1592 1404 1688 1433 cum
1709 1384 1764 1433 de
1785 1402 1840 1433 eo

172 1454 266 1507 fuse
284 1453 384 1506 satis
412 1467 456 1506 &
478 1455 670 1506 dilucide
698 1456 1051 1523 Christophorus
1080 1458 1270 1502 SKeiner
1288 1456 1334 1502 in
1361 1454 1494 1503 oculo
1511 1464 1554 1503 &
1580 1451 1705 1505 Rosa
1724 1452 1842 1514 yssi*

174 1546 232 1576 na
262 1528 518 1575 trae'tauerit
541 1545 552 1577 3
573 1510 661 1572 n⁶os
677 1543 784 1574 vero
810 1529 859 1573 in
888 1524 1116 1591 specialem
1146 1527 1384 1571 trinitatum
1421 1533 1465 1572 δε
1497 1524 1590 1571 hcec
1623 1532 1668 1573 δε
1698 1522 1842 1573 multa

152 1598 255 1650 ,alia
276 1595 440 1663 quibus
461 1592 731 1642 difficillimae
749 1597 795 1641 in
816 1593 900 1642 hac
921 1589 1033 1639 scien
1043 1595 1104 1639 tia
1125 1592 1388 1659 quaestiones
1410 1589 1525 1639 solui
1585 1609 1717 1640 ueant
1736 1588 1838 1649 ,dif-

170 1662 363 1713 feramus
387 1683 397 1715 ;
419 1662 532 1710 illud
547 1677 698 1709 autem
717 1679 839 1711 nunc
857 1658 998 1711 solum
1019 1664 1319 1728 proponimus
1338 1676 1390 1708 vt
1412 1680 1463 1709 ex
1487 1608 1725 1708 eociimilis
1739 1678 1844 1707 orn-

170 1737 284 1782 nino
312 1730 495 1781 visionis
517 1734 780 1779 oeconomia
799 1730 1080 1799 intelligatur
1104 1738 1148 1778 &
1175 1729 1368 1776 breuiter
1389 1746 1613 1800 quantum
1644 1730 1667 1776 ἐ
1688 1747 1731 1777 re
1749 1746 1843 1777 no-

170 1803 255 1852 stra
282 1802 340 1850 est
369 1800 426 1849 ab
457 1802 551 1868 ipsa
574 1797 856 1868 perspestiuae
887 1810 931 1857 ὃς
960 1797 1294 1868 scenographiae
1325 1802 1459 1869 origo
1477 1836 1490 1858 ,
1522 1796 1842 1854 fundamenta,

99 1870 113 1884 ‘
172 1889 327 1939 praxes
348 1879 393 1918 δε.
413 1867 817 1917 demonstrationes
832 1869 1091 1918 astruantur.
1372 1870 1373 1873 ’

244 1943 313 1987 Fit
332 1954 478 1987 autern
493 1933 608 1986 visio
625 1932 864 1987 secundum
891 1939 1273 1997 communiorem,
1292 1940 1436 1987 immo
1471 1948 1516 1989 &
1549 1936 1609 1987 ab
1630 1937 1843 1987 omnibus

175 2011 264 2059 iam
297 2022 523 2074 receptam
550 2002 818 2054 sententiam
839 2045 852 2066 ,
881 2024 1020 2076 quam
1051 2009 1186 2055 etiam
1206 2006 1447 2056 confirmat
1470 2007 1695 2076 praeallata
1711 2025 1845 2075 expe-

173 2074 420 2129 rientia;fit
439 2081 631 2144 inquam
647 2079 832 2143 receptis
856 2073 1080 2143 speciebus
1097 2078 1146 2123 in
1169 2079 1321 2124 tunica
1342 2080 1488 2125 retina
1507 2094 1649 2147 quam
1679 2080 1842 2125 vitreus

174 2145 338 2193 humor
356 2147 405 2192 in
423 2141 571 2192 fu'ndo
591 2144 709 2191 oculi
738 2144 949 2192 distendit
968 2139 1091 2212 quasi
1111 2143 1301 2203 linteum
1323 2142 1394 2193 seu
1412 2146 1613 2194 chartam
1623 2145 1844 2194 mundam

175 2218 224 2260 in
247 2230 336 2282 qua
355 2213 647 2260 obiectorum
662 2206 823 2280 species
840 2211 1098 2280 appellant,
1116 2231 1261 2282 eoque
1280 2209 1517 2282 perfee'tius
1538 2214 1845 2285 depingantur

178 2298 273 2349 quo
293 2280 489 2329 melioris
510 2291 554 2330 &
573 2279 760 2347 aptioris
779 2286 860 2329 erit
880 2280 1256 2349 configurationis
1279 2283 1548 2348 crystallinus
1573 2283 1739 2331 humor
1767 2284 1846 2352 qui

178 2353 224 2397 in
248 2367 367 2397 vueae
395 2348 624 2397 foramine
642 2348 774 2397 lentis
794 2354 939 2398 vicem
959 2351 1166 2409 obtinet,
1179 2369 1255 2418 per
1277 2369 1413 2421 quam
1440 2348 1661 2401 eiusmodi
1681 2348 1844 2418 species

177 2421 368 2467 traiectae
389 2421 435 2465 in
458 2414 651 2466 fundum
678 2417 798 2466 oculi
817 2418 955 2467 veluti
983 2422 1030 2466 in
1052 2437 1231 2481 camerae
1261 2419 1443 2468 occlusae
1471 2424 1685 2488 parietem
1717 2415 1845 2468 defe-

179 2503 337 2535 rantur
358 2507 368 2540 3
389 2485 468 2537 vbi
485 2502 648 2535 notatu
664 2484 972 2556 dignissimum
989 2484 1130 2556 quod
1161 2491 1553 2557 quemadmodum
1574 2508 1649 2557 pet
1668 2481 1845 2536 nudum

180 2552 390 2604 foramen
409 2571 459 2605 vt
477 2559 567 2605 iam
587 2556 779 2615 diximus
810 2566 854 2605 &
883 2573 958 2623 per
983 2555 1240 2605 adhibitam
1268 2558 1434 2607 lentem
1459 2576 1713 2607 conuexam
1747 2553 1846 2625 pos-

181 2623 283 2673 sunt
309 2624 380 2673 hae
406 2642 552 2674 retum
577 2621 739 2692 species
768 2628 937 2692 excipi,
962 2628 1026 2672 ita
1058 2621 1090 2672 si
1122 2631 1242 2675 Deus
1268 2627 1512 2676 humorem
1549 2627 1846 2696 crystallinum

181 2692 315 2740 oculo
335 2692 582 2751 ademiffet‚
604 2711 762 2742 vueam
784 2709 936 2759 tamen
956 2697 1157 2742 tunicam
1183 2699 1348 2765 exiguo
1377 2693 1599 2745 foramine
1624 2691 1846 2764 pertusam

182 2760 481 2821 nihilominus
514 2759 753 2829 expansam
787 2760 1035 2832 reliquiffet
1052 2763 1195 2818 ‚haud
1225 2764 1360 2814 dubie
1382 2764 1543 2834 species
1574 2769 1619 2814 in
1649 2767 1845 2813 retinam

183 2826 355 2897 allapsae
388 2833 749 2897 imprimerentur
772 2868 785 2889 ,
816 2828 1170 2887 inordinatiores‘
1200 2847 1350 2880 tamen
1380 2844 1424 2884 &
1445 2830 1558 2883 visio
1582 2834 1688 2882 inde
1702 2837 1844 2902 magis

185 2895 373 2947 confusa
403 2909 447 2949 &
475 2898 629 2967 debilis
647 2899 842 2947 existeret
876 2899 1055 2969 qualem
1082 2902 1226 2949 dicere
1255 2901 1484 2970 poffumus
1514 2900 1642 2951 fuiffe
1668 2902 1845 2950 cuidam

183 2967 365 3016 homini
382 2974 484 3038 qui,
501 2983 552 3016 vt
572 2964 703 3017 refert
717 2964 941 3044 Vopisci&
961 2973 1227 3020 Fortunatus
1247 2971 1469 3040 Plempius
1489 2975 1534 3019 in
1554 2971 1843 3040 Ophtalmom

188 3036 513 3107 graphia,cum
534 3034 635 3084 casu
665 3033 826 3086 effoffis
853 3037 1014 3098 oculis,
1032 3044 1216 3105 r5tinam
1235 3043 1452 3102 tamenin
1473 3040 1612 3089 altero
1632 3032 1746 3088 bene
1766 3056 1842 3086 ex-

186 3101 372 3174 pansam
391 3104 636 3154 retinuisset
659 3114 702 3153 &
726 3102 876 3155 clausis
892 3105 1097 3174 absolute
1118 3108 1343 3177 palpebris
1370 3125 1571 3157 meatum
1598 3108 1844 3177 quemdam

187 3178 240 3221 in
259 3170 369 3221 naso
401 3174 589 3222 haberet
618 3170 760 3242 vsque
784 3174 842 3224 ad
882 3176 1142 3242 praeditstam
1174 3181 1372 3226 tunicam
1393 3175 1842 3246 pertingentem,lu—

187 3259 315 3301 men,
335 3241 496 3291 herbas
512 3243 672 3292 virides
695 3244 935 3301 subieStas³
961 3246 1133 3295 colores
1156 3250 1285 3296 viuos
1305 3258 1348 3298 &
1369 3248 1449 3296 alia
1471 3246 1652 3293 obieeta
1673 3261 1843 3313 poten-a

1632 3319 1672 3366 C
