2498 3898
633 222 693 264 ,ο
944 199 1611 252 THAVMATVRGI
1681 199 2009 252 OPTICI

702 274 857 319 Praeter
886 270 996 318 bina
1025 273 1153 336 primi
1184 268 1355 317 ordinis
1386 270 1603 341 regularia
1641 268 1898 339 composita
1938 271 2321 324 Hexostaedrum

634 338 844 387 videlicet
868 349 911 388 &
935 338 1412 396 Icosidodecaedrum‚
1436 340 1492 386 de
1511 336 1676 406 quibus
1697 336 1823 406 supra
1842 377 1856 400 ,
1886 359 1944 389 ne
1965 341 2022 389 de
2047 341 2144 388 aliis
2173 358 2322 390 tacea—

633 427 755 465 mus,
780 407 988 457 volumus
1009 405 1034 453 a
1053 405 1262 473 quolibet
1283 407 1474 476 regulari
1494 407 1906 474 simplici,alterum
1932 407 2110 457 secundi
2143 413 2321 458 ordinis

634 477 832 526 deriuare
855 477 1098 529 3nimirum
1126 473 1151 523 Ξῑ
1176 476 1434 524 Tetraedro
1452 473 1524 524 seu
1546 477 1777 543 pyramide
1805 478 2063 546 aequilatera
2087 496 2233 527 vnum
2264 501 2274 532 ς
2295 475 2321 528 a

636 546 753 594 cubo
778 545 960 592 alterum
977 547 1182 597 ,tertium
1201 545 1258 592 ab
1281 544 1544 599 OCtaedro3
1564 561 1771 614 quartum
1788 542 2154 601 {Dodeca'edrm
2173 552 2321 616 quin-

636 628 734 662 tum
769 613 965 681 denique
1001 615 1058 661 ab
1079 611 1401 671 lcosae'dm,&
1437 613 1620 663 breuem
1643 610 1923 685 singulorum
1960 613 2318 683 descriptionem

632 682 911 729 instituemus
934 717 948 740 ‚
1014 698 1071 729 ua
1098 683 1330 731 mediante
1357 679 1541 732 describi
1598 700 1735 732 ueant
1766 695 1811 735 δε
1843 684 1900 733 ad
1930 680 2221 753 prospedwm
2241 704 2321 733 ac-

638 749 919 799 commodati
943 771 955 804 3
979 698 1063 800 ‘sed
1091 764 1142 800 'vt
1169 749 1443 820 angulorum
1477 698 1729 801 solidorum
1755 755 2012 803 multitudo
2052 763 2096 804 δε
2139 751 2323 823 superfi-

636 822 803 867 cierum
841 819 1071 869 diuersitas
1089 856 1102 880 ,
1132 836 1232 890 quae
1265 823 1313 867 in
1341 818 1409 867 his
1435 819 1704 888 corporibus
1724 826 1968 891 reperitur,
2002 842 2216 894 magnam
2250 822 2322 872 af-

636 883 770 937 ferret
796 886 1115 940 confusionem
1144 882 1387 959 praxesque
1411 885 1692 958 summopere
1714 891 1963 959 implicaret
1987 925 2000 950 ,
2027 891 2062 940 si
2087 891 2320 941 cuiussibet

634 956 792 1027 anguli
827 955 954 1026 super
976 960 1161 1028 planum
1182 957 1395 1007 exaltatio
1418 976 1494 1026 per
1520 959 1809 1009 altitudinum
1839 959 2001 1009 scalam
2027 965 2217 1010 inueniri
2247 962 2324 1009 de-

634 1023 782 1088 beret,
808 1028 1198 1098 quemadmodum
1215 1031 1263 1092 in
1288 1027 1641 1095 praecedentibus
1668 1032 1843 1097 operati
1873 1025 2122 1087 sumus,ita
2150 1027 2322 1079 facilius

632 1094 679 1141 id
702 1092 803 1151 fore
819 1096 1057 1147 arbitratus
1078 1095 1174 1147 sum
1190 1093 1632 1165 perinsctiptionem
1659 1100 1703 1147 .i.
1728 1117 1776 1146 ea
1806 1098 2079 1168 regularibus
2106 1098 2322 1167 simplici-

636 1162 718 1213 bus
739 1203 752 1223 ,
779 1166 804 1213 ἑ
834 1166 997 1230 quibus
1025 1166 1267 1216 nascuntur
1285 1202 1299 1221 ,
1325 1162 1617 1216 inscribendo
1634 1204 1650 1223 ,
1680 1184 1815 1237 quare
1834 1183 1939 1216 ante
1956 1171 2114 1217 omnia
2138 1169 2248 1237 quid
2269 1169 2321 1218 {it

637 1233 731 1282 talis
749 1233 984 1302 inscriptio
1003 1235 1109 1285 scire
1126 1253 1271 1303 operae
1287 1238 1493 1303 praetium
1515 1236 1589 1284 est.

708 1307 790 1354 Per
809 1304 1129 1354 defini-tionem
1154 1326 1209 1367 μ.
1234 1304 1461 1352 vndecimi
1479 1305 1697 1354 Element.
1718 1303 1859 1355 solida
1877 1305 2019 1377 figura
2041 1311 2086 1355 in
2105 1304 2248 1354 solida
2271 1307 2325 1353 fi-

633 1374 746 1487 gura
764 1372 924 1420 dicitur
955 1372 1154 1431 inscribi,
1174 1373 1363 1441 quando
1389 1390 1549 1420 omnes
1574 1375 1731 1443 anguli
1761 1376 1915 1445 figurae
1943 1373 2183 1443 inscriptae,
2207 1394 2320 1423 con-

673 1443 879 1489 ituuntur
904 1442 974 1489 vel
1004 1446 1050 1490 in
1077 1444 1252 1512 angulis
1271 1478 1285 1498 ,
1313 1441 1381 1490 vel
1403 1443 1451 1487 in
1470 1440 1704 1503 lateribus,
1727 1444 1798 1492 vel
1817 1444 2013 1512 denique
2031 1448 2077 1492 in
2101 1444 2244 1510 planis
2263 1444 2322 1490 fi-

636 1525 756 1577 gurae
779 1512 846 1558 cui
874 1506 1154 1569 inscribitur,
1174 1526 1223 1560 vt
1246 1514 1291 1558 in
1318 1511 1649 1579 diagrammate
1671 1517 1715 1561 X
1730 1515 1771 1560 X
1785 1518 1843 1562 V.
1871 1513 2033 1562 dicitur
2059 1515 2322 1561 Hexoetae-

636 1577 765 1625 drum
785 1578 901 1627 cubo
920 1578 1122 1638 inscribi,
1137 1580 1269 1649 quod
1297 1597 1456 1628 omnes
1477 1584 1566 1627 eius
1587 1575 1747 1651 anguli
1768 1583 1817 1634 ik
1833 1585 1849 1630 l
1863 1605 1901 1631 m
1917 1604 1941 1631 n
1960 1602 1980 1630 o
1988 1601 2018 1653 p
2034 1605 2057 1653 q
2074 1603 2095 1630 r
2101 1583 2142 1655 s
2143 1602 2159 1629 t
2179 1602 2202 1629 u
2222 1614 2232 1635 j
2269 1584 2318 1628 in

634 1646 789 1696 medio
806 1646 990 1695 laterum
1010 1647 1112 1697 cubi
1132 1650 1387 1715 punrstuatis
1405 1648 1530 1695 lineis
1551 1645 1773 1719 designati
1800 1654 2138 1700 constituantur.

710 1718 802 1774 Ita,
818 1733 894 1783 per
916 1715 1231 1766 definitionem
1256 1737 1322 1778 32.
1340 1712 1556 1777 eiusdem,
1574 1715 1715 1767 solida
1738 1720 1882 1788 figura
1902 1717 2053 1768 solidoe
2073 1719 2224 1789 figurae
2249 1723 2321 1769 vi-

639 1783 776 1832 ciffim
804 1784 1099 1836 circumscribi
1127 1786 1312 1842 dicitur,
1338 1786 1530 1855 quando
1558 1787 1630 1836 vel
1659 1789 1838 1859 anguli,
1859 1789 1932 1838 vel
1955 1788 2118 1848 latera,
2135 1787 2208 1838 vel
2240 1790 2323 1836 de·
2360 1806 2362 1808 ’

638 1855 781 1921 nique
814 1854 946 1921 plana
976 1854 1129 1924 figurae
1157 1853 1491 1922 circumscriptae
1517 1869 1717 1926 tangunt
1746 1875 1907 1907 omnes
1939 1857 2132 1927 angulos
2171 1856 2324 1926 figurae

639 1926 800 1969 circum
823 1939 961 1992 quam
978 1921 1265 1979 describitur,
1289 1940 1339 1973 νε
1360 1927 1409 1971 in
1437 1924 1598 1973 eodem
1633 1924 1962 1996 diagrammate
1987 1931 2032 1975 X
2048 1931 2160 1975 XV.
2183 1927 2335 1973 cubus

564 2044 566 2046 ,
639 1990 763 2041 lineis
798 1995 1059 2059 punstuatis
1095 1992 1388 2042 adumbratus
1427 1992 1598 2042 dicetur
1633 1995 1959 2044 Hexoetaedro
2012 1992 2323 2053 circumscribi,

638 2061 771 2128 quod
800 2064 956 2109 omnia
982 2061 1091 2110 illius
1120 2061 1252 2110 latera
1276 2065 1518 2110 ABCDE
1535 2066 1562 2109 F
1578 2068 1619 2113 G
1636 2067 1685 2111 H
1702 2100 1715 2121 ,
1745 2061 1945 2135 singulos
1969 2064 2100 2112 huius
2127 2063 2321 2132 angulos

639 2129 714 2181 ikl
729 2149 804 2179 mn
818 2132 1015 2205 opqrstu
1030 2146 1132 2198 apte
1151 2133 1440 2201 contingant.

715 2198 899 2264 Quibus
920 2200 1079 2269 positis
1095 2217 1266 2248 certum
1286 2203 1345 2248 est
1371 2216 1469 2248 eum
1480 2236 1493 2258 ‚
1520 2204 1599 2271 qui
1618 2218 1693 2271 per
1751 2201 2015 2250 raecedentes
2044 2201 2324 2269 propositio‘

637 2283 715 2317 nes
731 2266 911 2318 nouerit
932 2273 1138 2340 quinque
1155 2266 1404 2318 solidorum
1423 2271 1690 2339 regularium
1710 2219 1976 2339 simplicium
1996 2286 2257 2337 apparentes
2278 2275 2325 2319 in

639 2335 794 2386 tabula
813 2337 975 2408 figuras
993 2343 1240 2407 exprimere
1252 2376 1266 2396 ,
1285 2334 1548 2408 sciueritque
1566 2339 1811 2410 quomodo
1831 2344 1880 2387 in
1899 2344 1948 2388 iis
1965 2339 2186 2410 regularia
2197 2359 2324 2389 com-

638 2405 789 2472 posita
809 2404 899 2456 siue
919 2412 1055 2457 etiarn
1073 2407 1328 2479 irregularia
1348 2407 1515 2475 poffint
1533 2408 1739 2467 inscribi,
1758 2409 1886 2457 nullo
1905 2412 2098 2478 negotio
2127 2408 2221 2457 haec
2249 2413 2326 2476 ip-

638 2472 682 2530 sa
702 2474 919 2546 regularia
937 2474 1246 2546 composita&
1269 2477 1525 2547 irregularia
1550 2475 1870 2546 descripturum
1893 2476 1975 2526 effe
1996 2501 2005 2526 ε
2028 2482 2136 2527 Hoc
2154 2477 2323 2543 probat

640 2544 894 2614 exemplum
939 2546 1267 2615 diagrammate
1314 2551 1358 2595 X
1389 2548 1436 2594 X
1464 2551 1522 2595 V.
1581 2548 1836 2596 exhibitum
1859 2583 1873 2602 ,
1903 2545 1982 2595 vbi
2017 2546 2168 2613 optice
2215 2546 2326 2593 deli-

640 2629 779 2662 neato
810 2611 929 2663 cubo
960 2614 1085 2664 lineis
1117 2614 1304 2663 occultis
1336 2620 1373 2664 A
1402 2617 1433 2662 B
1463 2619 1503 2664 C
1532 2621 1578 2666 D
1604 2619 1640 2665 E
1671 2620 1700 2664 F
1732 2621 1773 2666 G
1803 2620 1851 2664 H
1875 2653 1889 2674 ,
1915 2611 2206 2684 inuentisque
2229 2611 2325 2662 sin-

641 2681 856 2752 gulorum
890 2683 1023 2750 ipsius
1046 2684 1236 2732 laterum
1258 2687 1442 2751 punCtis
1482 2685 1640 2734 mediis
1669 2686 1725 2738 ik
1745 2686 1815 2735 lm
1834 2707 1858 2734 n
1873 2703 1978 2756 opq
1995 2705 2016 2732 r
2032 2687 2086 2755 st
2104 2703 2129 2732 u
2149 2705 2159 2737 3
2187 2699 2237 2732 vt
2270 2702 2323 2731 ex

642 2770 696 2798 eo
736 2747 1090 2820 scenographice
1115 2753 1388 2801 delineatum
1426 2755 1802 2805 Hexoistae'drum
1841 2754 2079 2812 educatur,
2109 2751 2225 2801 nihil
2253 2751 2326 2800 sti-

641 2819 780 2886 petest
806 2818 1068 2870 faciendum
1092 2823 1306 2890 ampliuS,
1327 2820 1413 2870 nisi
1431 2839 1484 2870 vt
1508 2824 1720 2892 praedie'ta
1753 2827 1926 2893 puneta
1964 2825 2093 2871 ree‘tis
2121 2825 2324 2891 iungan-

642 2904 714 2935 tur
738 2887 865 2936 lineis
893 2890 964 2946 ik,
984 2890 1056 2948 kl,
1074 2892 1158 2947 lm,
1176 2897 1259 2948 mi,
1276 2898 1339 2950 in,
1369 2912 1445 2948 no,
1465 2911 1656 2965 op,pm,
1680 2907 1774 2951 &a
1803 2909 1903 2961 quae
1928 2893 2058 2939 huius
2082 2895 2323 2940 Hexocsta—

642 2954 734 3005 'edri
749 2955 940 3025 figuram
961 2976 1256 3028 apparentem
1286 2959 1489 3020 dabunt,
1506 2963 1689 3032 qualem
1712 2960 1990 3029 expressimus
2019 2964 2067 3008 in
2095 2961 2323 3029 diagram—

639 3041 760 3074 mate
777 3032 822 3076 X
839 3030 883 3075 X
897 3032 939 3077 V
955 3031 988 3075 1.
1010 3028 1211 3096 perfecit&
1231 3030 1564 3080 adumbratam.

713 3097 922 3147 Similiter
939 3111 993 3147 vt
1010 3100 1214 3165 corporis
1232 3098 1620 3148 IcofidodecaEdri
1635 3117 1853 3170 apparens
1882 3103 1930 3149 in
1955 3095 2152 3147 seelione
2178 3096 2321 3166 figura

642 3168 934 3230 exprimatur,
996 3165 1088 3214 uod
1111 3166 1168 3214 est
1186 3166 1373 3217 alterum
1409 3167 1609 3239 regulare
1637 3168 1944 3238 compositum
1972 3171 2108 3236 primi
2135 3171 2323 3226 ordinis,

644 3229 851 3304 basesque
868 3233 939 3284 seu
949 3181 1383 3303 planaDodeca‘e‘dri
1393 3233 1524 3295 simul
1538 3247 1581 3290 ὃς
1594 3235 2323 3308 Icosae'dricomplestiturdiorum
