2498 3898
601 225 660 277 158
912 215 1579 262 THAVMATVRGI
1656 214 1973 260 OPTICI

990 351 1554 401 PROPOSITIO
1630 354 1887 401 NONA.

606 488 782 535 Modum
799 488 1049 560 'vniuersalem
1068 492 1273 556 assignare,
1291 507 1362 557 quo
1373 493 1489 555 poſsit
1502 493 1627 555 imago
1646 502 1866 556 quacunque
1889 485 1982 532 data
2005 489 2044 534 in
2064 487 2268 557 expofimm

668 562 751 604 coni
766 574 834 604 am
840 556 1056 625 pyramidis
1060 559 1300 628 superficiem
1309 561 1384 628 seu
1399 576 1603 604 connexam
1616 595 1628 611 ,
1636 557 1717 621 fiae
1730 573 1928 603 concauam
1943 556 2275 624 optim-geometri·-

668 626 716 672 >cex
731 627 954 692 confignari‚
972 631 1027 672 ita
1042 642 1106 683 vt,
1128 628 1196 690 etfi
1205 626 1303 673 aluis
1322 646 1370 673 ex
1388 627 1528 676 direc‘lo
1546 627 1598 674 ad
1608 628 1726 695 plana
1745 631 1783 674 in
1810 623 1944 693 quibus
1969 624 2180 673 detineam
2204 630 2271 695 ‘'f‘·

665 696 781 764 peisfu
804 699 961 764 confufiz
989 688 1252 763 &sdeformis
1277 714 1459 765 appareat
1476 718 1489 748 ;
1510 716 1559 744 ex
1581 695 1827 743 determinato
1858 694 2099 744 nihilominus
2127 691 2270 766 punflo

672 765 892 824 emendata,
911 765 1001 812 bene
1017 765 1213 835 compofita
1231 779 1291 821 ξφ
1304 783 1512 836 prototypae
1518 766 1655 829 similis
1672 781 1864 835 appareat.
2182 790 2185 792 “

682 911 729 956 Ν
758 906 842 955 hac
867 905 1093 955 methodo
1122 921 1221 975 quae
1240 907 1449 975 procedit
1477 926 1527 955 ex
1546 905 1648 976 ipsis
1674 904 2008 976 scenographiae
2039 911 2271 976 principiis

611 903 763 1043 Iper
791 972 1039 1023 sectionem
1074 977 1316 1043 pyramidis
1342 974 1541 1038 visualis,
1564 993 1749 1044 oportet
1774 972 1975 1044 primum
2006 976 2160 1023 datam
2199 974 2275 1025 seu

607 1041 887 1112 propositam
903 1048 1153 1112 imaginem
1169 1044 1339 1094 circulo
1360 1044 1636 1094 concludere
1649 1064 1719 1105 ‚vt
1730 1050 1776 1092 in
1790 1042 2022 1099 schemate
2040 1048 2103 1092 LI
2116 1044 2273 1093 LTab.

610 1132 682 1173 30,
700 1111 872 1160 circulo
892 1116 1028 1162 ABC
1044 1118 1109 1173 D,
1127 1123 1172 1162 δε
1190 1113 1356 1162 deinde
1387 1112 1654 1162 conclusum
1677 1114 1848 1163 circulo
1885 1110 2077 1180 spatium
2103 1117 2151 1160 in
2178 1132 2274 1182 quo

610 1178 831 1250 descripta
848 1185 1002 1251 imago
1021 1180 1291 1243 habebitur,
1313 1181 1518 1251 pluribus
1533 1183 1591 1232 ad
1617 1182 1855 1231 arbitrium
1880 1183 2108 1230 diametris
2128 1191 2172 1231 δε
2188 1188 2275 1231 cir-

612 1249 724 1299 culis
743 1255 1046 1299 concentricis
1064 1270 1145 1318 per
1161 1247 1301 1300 faistas
1320 1257 1367 1299 in
1395 1251 1548 1319 aliqua
1575 1248 1910 1300 semidiametro
1939 1250 2131 1319 aequales
2159 1252 2275 1299 diui-

609 1316 758 1366 siones
776 1319 1095 1368 circumluens
1109 1325 1176 1380 ‚in
1194 1320 1343 1387 plures
1365 1336 1512 1387 partes
1534 1317 1609 1368 seu
1638 1325 1818 1368 minora
1839 1318 1977 1388 spatia
1997 1319 2276 1370 distribuere:

609 1405 694 1435 nos
724 1386 801 1436 hic
833 1404 983 1435 totum
1011 1386 1159 1455 primo
1193 1387 1424 1436 diuisimus
1461 1405 1542 1455 per
1569 1385 1638 1436 sex
1672 1390 1917 1437 diametros
1946 1394 1994 1436 in
2029 1389 2278 1438 duodecim

610 1455 835 1523 triangula
853 1455 1065 1523 aequalia,
1084 1466 1127 1505 δε
1152 1461 1199 1503 in
1218 1456 1346 1524 plura
1365 1456 1532 1504 deinde
1557 1463 1755 1526 trapezia
1781 1469 1825 1507 ὃς
1848 1461 2028 1509 minora
2053 1458 2280 1526 triangula

609 1543 690 1592 per
709 1526 822 1572 duos
843 1523 1035 1572 circulos
1053 1530 1215 1573 maiori
1232 1530 1552 1575 concentricos
1575 1546 1584 1574 :
1605 1531 1695 1575 iam
1719 1526 1828 1576 vero
1858 1535 1927 1586 νε,
1943 1527 2078 1595 ⁴quod
2105 1523 2279 1575 facien-

609 1592 720 1641 dum
739 1598 1013 1661 proponitur
1030 1635 1043 1654 ‚
1074 1593 1353 1643 delineemus
1376 1600 1423 1642 in
1439 1613 1650 1643 conuexo
1681 1594 1934 1664 superficiei
1949 1599 2132 1644 ‘conicae
2159 1595 2281 1666 figuss

608 1679 704 1709 ram
727 1680 826 1730 quae
845 1681 896 1709 ex
915 1661 1220 1711 determinato
1245 1669 1419 1731 puneko
1443 1682 1657 1732 appareat
1688 1663 1841 1713 similis
1868 1663 2040 1715 circulo
2067 1669 2151 1713 AB
2166 1670 2280 1726 CD,

604 1740 655 1780 &
672 1728 876 1779 similiter
902 1728 1062 1791 diuisa,
1085 1731 1318 1781 statuimus
1337 1737 1384 1780 in
1401 1731 1629 1782 schemate
1644 1738 1734 1782 LII
1745 1739 1764 1796 I
1792 1734 1961 1782 lineam
1982 1752 2029 1780 ac
2056 1733 2280 1802 aequalem

611 1799 835 1849 diametro
858 1797 972 1847 basis
993 1805 1100 1848 coni
1119 1799 1364 1868 propositi,
1382 1798 1693 1871 cuiuscunque
1715 1804 1902 1851 tandem
1930 1801 1983 1851 sit
2001 1804 2283 1871 magnitudia

611 1872 702 1928 nis,
721 1867 1016 1937 supponimus
1033 1887 1188 1916 autem
1205 1868 1348 1918 basim
1369 1876 1476 1919 coni
1493 1869 1715 1939 propositi
1732 1871 1820 1920 effe
1852 1871 2077 1940 aequalem
2107 1872 2278 1920 circulo

611 1939 651 1986 A
664 1942 697 1985 B
712 1943 804 1986 CD
819 1979 831 1997 ‚
842 1934 1079 1985 schematis
1099 1941 1204 1987 LII.
1223 1939 1344 1987 vnde
1363 1950 1406 1990 ὃς
1427 1945 1474 1988 in
1494 1936 1722 1988 schemate
1734 1944 1770 1989 L
1783 1946 1868 1990 III.
1885 1945 2099 2008 ponimus
2111 1941 2280 1989 lineam

610 2024 663 2051 ac
681 2006 903 2075 :equalem
926 2005 1052 2054 lineae
1078 2009 1119 2055 A
1140 2013 1180 2056 C
1198 2049 1211 2068 ,
1238 2009 1577 2077 diagrammatis
1600 2013 1692 2057 LII
1719 2020 1761 2058 ὃς
1789 2007 1994 2058 similiter
2018 2007 2206 2058 diuisam
2234 2015 2285 2058 in

613 2080 791 2142 puncffis
809 2092 998 2144 mnopq‚
1016 2085 1060 2124 ὃς
1082 2074 1107 2122 ἐ
1124 2081 1296 2143 puncto
1322 2078 1479 2126 medio
1501 2097 1521 2122 0
1540 2078 1968 2153 perpendicularem
1991 2077 2283 2127 indefinitam

613 2143 849 2194 educimus
865 2153 947 2195 orS
960 2186 972 2205 ‚
990 2163 1041 2192 ex
1064 2162 1156 2212 qua
1179 2151 1442 2213 portionem
1460 2166 1529 2207 or,
1548 2144 1784 2196 abicindes
1804 2167 1887 2216 pro
1908 2166 1988 2195 axe
2010 2151 2143 2207 coni,
2165 2144 2284 2194 sum-

610 2214 690 2280 pta
708 2211 921 2263 videlicet
939 2219 987 2262 in
1001 2210 1096 2283 ipso
1115 2231 1236 2262 cono
1257 2220 1514 2283 quantitate
1534 2213 1683 2264 lateris
1706 2234 1779 2278 ar,
1798 2236 1877 2284 per
1899 2220 2124 2264 circinum
2152 2234 2283 2264 com-

611 2298 800 2329 munem
830 2288 955 2332 cuius
991 2301 1081 2329 vno
1105 2282 1222 2349 pede
1246 2284 1413 2335 statuto
1434 2289 1482 2332 in
1500 2302 1547 2337 a,
1566 2283 1637 2331 vel
1660 2289 1708 2333 in
1723 2303 1760 2342 c,
1779 2285 1974 2334 alterum
1999 2282 2234 2333 abscindet
2260 2283 2286 2333 Ξι

614 2346 765 2398 lineao
779 2359 803 2401 S
816 2393 827 2413 ,
848 2358 1109 2420 portionem
1127 2371 1194 2405 or,
1219 2372 1301 2422 pro
1320 2372 1400 2400 axe
1423 2358 1531 2402 coni
1552 2362 1596 2401 &
1614 2358 1698 2402 erit
1728 2354 1917 2423 planum
1937 2372 2018 2399 arc
2037 2350 2188 2402 secans
2205 2372 2284 2401 co-

613 2435 726 2465 num
753 2439 833 2488 per
860 2426 1077 2469 verticem
1095 2462 1108 2481 ‚
1136 2421 1417 2490 triangulum
1442 2440 1494 2469 ex
1513 2443 1527 2483 3
1548 2421 1728 2489 propos
1757 2427 1891 2491 primi
1918 2427 2190 2471 conicorum
2217 2425 2284 2471 A-

615 2486 829 2554 pollonij,
854 2491 984 2557 quod
1004 2495 1141 2538 etiam
1167 2487 1266 2538 satis
1293 2489 1555 2559 agnoscitur
1583 2493 1632 2536 in
1659 2488 1910 2551 schemate,
1936 2489 2015 2538 vbi
2038 2489 2185 2558 ipsum
2203 2509 2285 2540 co-

618 2572 727 2612 num
745 2557 885 2606 veluti
900 2556 1094 2606 solidum
1110 2558 1424 2625 expresfimus‚
1435 2576 1483 2607 νε
1498 2556 1661 2607 melius
1677 2559 1960 2627 intelligatur
1976 2557 2285 2626 peripheriam

616 2621 730 2672 basis
752 2623 886 2692 ipsius
907 2624 1109 2674 similiter
1137 2625 1312 2694 prorsus
1333 2627 1631 2675 diuidendam
1647 2630 1757 2689 effe,
1777 2646 1822 2676 νε
1839 2623 1927 2675 fuit
1943 2624 2081 2676 diuisa
2099 2645 2197 2675 tota
2207 2631 2286 2675 cir·

615 2689 916 2742 cumfercntia
933 2698 974 2744 A
986 2700 1020 2743 E
1032 2701 1060 2744 F
1073 2701 1105 2743 B
1121 2699 1160 2742 G
1173 2701 1220 2744 H
1234 2702 1274 2745 C
1287 2706 1393 2757 ,&c.
1412 2701 1461 2743 in
1476 2695 1705 2745 schemate
1720 2701 1809 2746 LII
1826 2707 1889 2756 ,&
1906 2693 1965 2744 ab
1990 2694 2208 2749 omnibus
2225 2696 2286 2744 di⁴
2305 2737 2319 2752 ,

616 2759 845 2810 uisionum
870 2768 1049 2831 punistis
1078 2762 1222 2831 efbgh
1242 2802 1256 2819 ,
1281 2765 1337 2813 ad
1361 2769 1585 2833 punctum
1603 2770 1856 2816 rverticem
1881 2769 2020 2826 coni,
2048 2764 2284 2813 ducendos

619 2829 703 2877 effe
728 2832 875 2879 radios
901 2830 1033 2881 fimul
1060 2851 1388 2882 concurrentes
1412 2833 1732 2902 ar‚er,fr‚br,
1752 2845 1835 2884 &c.
1861 2838 1942 2903 qui
1967 2832 2105 2902 oculo
2128 2831 2287 2884 debit&

617 2896 869 2959 collocato,
889 2906 1104 2950 nimirum
1125 2907 1171 2949 in
1197 2901 1402 2964 linear-S,
1423 2902 1515 2952 siue
1541 2922 1620 2952 axe
1645 2903 1924 2972 prolongato
1951 2902 2009 2950 ad
2031 2899 2282 2949 arbitrium.

620 2984 656 3012 V·
676 2985 717 3035 g.
745 2972 791 3013 in
810 2976 833 3018 S
848 3010 859 3028 ‚
884 2969 1129 3020 exhibeant
1149 2980 1192 3019 ἃ
1209 2967 1410 3038 perfecte
1432 2970 1748 3041 repraesentent
1769 2972 2014 3020 diametros
2033 2969 2289 3019 circuliAE

619 3039 646 3080 F
660 3040 764 3096 BG,
786 3046 866 3086 &c.
887 3037 978 3086 Etsi
995 3044 1117 3087 enini
1136 3039 1284 3086 radius
1309 3059 1334 3085 a
1353 3061 1389 3100 r,
1410 3060 1517 3089 cum
1536 3041 1663 3089 radio
1682 3059 1734 3086 cr
1751 3068 1762 3100 ·‚
1784 3050 1828 3089 &
1845 3037 2048 3087 similiter
2063 3038 2284 3098 radiusw,

618 3121 724 3152 cum
749 3104 962 3174 oppostto
983 3106 1067 3156 sibi
1085 3126 1136 3155 cx
1154 3106 1293 3155 altera
1320 3115 1427 3156 coni
1447 3127 1593 3177 parte,
1613 3107 1802 3176 planum
1817 3108 2010 3177 aliquod
2034 3104 2143 3155 vilui
2168 3106 2285 3154 obii—

620 3190 764 3233 ciant,
781 3193 947 3243 nempe
976 3175 1254 3245 triangulum
1271 3217 1284 3236 ‚
1319 3194 1365 3224 vt
1392 3175 1520 3246 supra
1542 3182 1832 3237 monuimus,
1848 3175 1962 3224 illud
1991 3194 2145 3224 tamen
2162 3193 2209 3222 vt
2231 3173 2282 3222 li-

620 3259 753 3289 neam
771 3242 1106 3312 repraesentant,
1119 3245 1247 3312 quod
1267 3242 1436 3294 scilicet
1455 3244 1676 3295 eiusmodi
1692 3245 1883 3314 planum
1898 3243 1990 3294 siue
2002 3248 2123 3292 reeia
2133 3239 2283 3310 super-

623 3306 743 3357 ficies
766 3311 946 3360 vlterius
965 3314 1189 3381 produtihi
1206 3311 1407 3364 transiret
1421 3334 1501 3384 per
1518 3315 1724 3364 medium
1739 3313 1882 3375 oculi,
1897 3319 1945 3363 in
1960 3331 2041 3362 axe
2057 3315 2164 3362 coni
2177 3329 2280 3379 pro-
