2498 3898
634 237 690 267 xz:
917 207 1944 258 THAVMATVRGlOPTICl

643 283 805 337 &tudo
823 278 1047 348 superaret
1066 307 1076 337 ·‚
1107 276 1341 326 statuenda
1363 275 1468 324 esset
1487 276 1698 344 praedidht
1715 280 1946 345 quantitas
1965 277 2011 321 in
2030 272 2121 343 ipsa
2135 272 2312 321 lineaczd

644 340 867 419 produ&a
884 347 963 396 sub
980 365 1173 395 numero
1198 359 1221 395 6
1242 351 1289 393 in
1317 345 1646 414 diagrammate
1674 345 1718 390 X
1732 348 1774 391 X
1788 346 1862 390 XI
1876 347 1934 390 V.
1950 353 1999 392 δε
2026 343 2313 411 operandum

642 416 943 467 conformiter
965 434 1011 463 vt
1038 421 1084 463 in
1115 411 1441 482 superioribus,
1469 412 1638 481 quibus
1668 410 1883 462 absolutis
1916 410 2063 481 figura
2088 410 2315 460 delineata

646 486 843 556 inspec‘ta
872 484 1088 549 &punito
1125 490 1167 533 R
1196 482 1631 551 perpendiculariter
1657 481 1839 530 eleuato
1868 479 1998 549 super
2024 482 2247 548 punffhim
2264 485 2312 540 P,

644 555 882 605 altitudine
902 551 993 601 siue
1011 554 1220 601 distantia
1242 558 1273 602 P
1286 559 1350 613 R,
1370 547 2053 619 referet.parallellogrammum
2071 552 2313 618 reOcangu-

646 625 739 673 lum
760 630 806 670 in
823 622 1127 691 quadraginta
1145 620 1237 669 duo
1257 639 1317 688 qu
1330 621 1478 669 adrata
1495 625 1674 668 minora
1697 617 1903 668 diuisum.

709 689 885 739 Verum
905 707 1154 757 antequam
1175 694 1222 737 in
1243 686 1464 736 eiusmodi
1483 686 1846 757 proiecff'tionibus
1874 687 2058 736 vlterius
2078 689 2314 756 progredi-

646 763 822 809 diamur
840 758 915 807 hic
941 757 1275 805 aduertendum
1302 757 1387 805 effe
1411 754 1574 804 censeo
1601 757 1755 825 quod,
1775 755 1855 805 etsi
1880 761 1927 804 in
1950 754 2187 804 ordinariis
2215 776 2315 825 per-

645 827 852 899 speetiuae
870 831 1130 876 communis
1151 823 1559 886 delineationibus,
1580 824 1660 873 vbi
1679 829 1770 873 axis
1787 830 1967 893 opticus
1992 826 2050 873 ad
2074 823 2315 874 Obie-stum

646 894 933 968 propositum
951 899 1215 965 pertingens
1236 892 1439 943 tabulam
1455 894 1513 942 ad
1536 895 1686 943 restos
1712 892 1906 963 angulos
1927 892 2316 955 inuadit5ets1‚in-

648 986 810 1036 quam,
828 971 875 1013 in
893 963 1114 1013 eiusmodi
1132 961 1525 1033 designationibus
1543 983 1583 1011 v.
1605 983 1647 1033 g.
1668 969 1717 1012 in
1743 960 1972 1012 schemate
1999 961 2232 1032 trigesimo
2251 960 2317 1012 se-

647 1042 794 1105 ptimo
823 1032 941 1084 Tab.
972 1053 1036 1082 22..
1065 1037 1282 1082 intuentis
1309 1032 1434 1081 oculi
1457 1030 1481 1079 a
1506 1030 1707 1081 seetione
1738 1033 1949 1081 distantia
1974 1031 2216 1081 aestimetur
2236 1052 2318 1101 per

645 1104 1071 1173 dapedogrammen
1090 1102 1201 1163 ΡΩ,
1217 1099 1459 1150 vitrei-basi
1479 1101 1925 1170 perpendicularem,
1945 1099 2017 1149 vel
2043 1120 2123 1170 per
2148 1101 2317 1150 lineam

647 1182 724 1227 Re:
740 1171 821 1242 ipsi
842 1172 1065 1241 aequalem
1084 1183 1126 1221 ὃς
1145 1169 1428 1240 parallelam,
1451 1175 1560 1240 quia
1576 1168 1873 1241 supponimus
1895 1175 2031 1220 ABC
2044 1177 2089 1220 D
2117 1170 2204 1219 esse
2231 1170 2318 1219 ob-

647 1245 817 1293 ieistum
838 1240 1209 1291 adumbrandum
1230 1245 1276 1288 in
1292 1238 1448 1289 tabula
1469 1239 1543 1288 seu
1563 1240 1700 1309 plano
1712 1240 2030 1288 delineationis
2042 1241 2318 1288 intermedio

649 1316 748 1364 LM
763 1316 869 1360 ΝΟ
895 1339 906 1370 ·,
929 1311 1108 1358 videtur
1124 1327 1279 1358 tamen
1302 1308 1430 1356 aliter
1446 1306 1486 1356 se
1506 1327 1573 1357 res
1600 1308 1772 1357 habere
1802 1314 1851 1356 in
1876 1310 1967 1358 istis
1993 1308 2318 1379 designationi-

651 1380 734 1430 bus
762 1381 818 1427 de
845 1378 1014 1447 quibus
1046 1397 1171 1426 nunc
1198 1382 1375 1446 agimus
1403 1373 1533 1445 super
1563 1376 1759 1446 obliqua
1783 1376 1918 1445 plana
1935 1418 1948 1438 ,
1978 1383 2026 1426 in
2053 1376 2244 1447 quibus,
2271 1399 2319 1428 vt

648 1450 918 1519 plurimum,
936 1446 1232 1515 supponimus
1255 1444 1494 1494 obiedtum
1521 1446 1607 1494 esse
1627 1447 1836 1495 medium
1858 1450 1977 1495 inter
1997 1448 2186 1515 planum
2209 1446 2321 1495 deli-

647 1523 871 1566 neationis
896 1527 939 1565 &
960 1514 1170 1576 oculum,
1190 1535 1228 1563 v.
1251 1535 1292 1585 g.
1319 1519 1366 1563 in
1388 1511 1617 1564 {chemate
1642 1517 1921 1563 XXXVIII.
1938 1513 2141 1564 eiusdem
2158 1514 2324 1564 Tabia-2

648 1588 722 1648 lae,
742 1587 993 1636 constituto
1022 1590 1069 1632 in
1087 1593 1153 1645 R,
1174 1584 1335 1644 oculo,
1356 1583 1476 1631 vnde
1504 1585 1782 1652 quadratum
1798 1582 1921 1632 abed
1939 1627 1951 1647 ‚
1977 1585 2107 1653 quod
2135 1604 2218 1654 pro
2233 1584 2319 1633 ob-

650 1659 773 1705 iecto
791 1655 1065 1703 intermedio
1091 1651 1305 1722 supponit
1325 1694 1337 1713 ,
1369 1650 1566 1722 oblique
1591 1654 1812 1703 inuadant
1845 1655 1958 1702 radii
1974 1653 2159 1703 visuales
2180 1681 2190 1713 3
2212 1660 2321 1723 quia

652 1725 841 1794 planum
861 1723 1212 1772 delineatorium
1230 1723 1295 1771 est
1312 1725 1520 1782 FMNG,
1543 1726 1589 1769 in
1610 1741 1706 1791 quo
1726 1722 1868 1772 debet
1885 1719 2143 1772 deformata
2164 1721 2320 1792 figurat

647 1796 906 1864 proicitura
936 1791 1197 1841 adumbrari
1226 1808 1413 1859 propter
1441 1787 1691 1840 sefflonem
1726 1798 1890 1860 opticae
1917 1793 2161 1861 pyramidis
2187 1791 2320 1841 valde

649 1862 914 1933 obliquam,
932 1860 990 1908 ab
1012 1881 1068 1909 eo
1088 1866 1227 1909 etiam
1243 1859 1385 1908 debet
1413 1864 1632 1909 intuentis
1664 1861 1788 1910 oculi
1817 1862 2028 1910 distantia
2057 1859 2320 1923 mensurari,

644 1939 706 1981 ita
726 1951 773 1981 vt
792 1937 838 1979 in
856 1930 1071 1999 praedicto
1092 1926 1321 1978 schemate
1348 1927 1472 1976 oculi
1488 1935 1556 1990 R,
1577 1930 1836 1979 distantiam
1864 1949 1965 1978 non
1994 1931 2240 1979 dimotiaris
2267 1950 2321 1980 ex

645 2001 775 2050 lineis
794 2006 826 2050 P
840 2005 884 2049 O
898 2041 911 2061 ,
930 1999 1001 2046 vel
1020 2006 1115 2060 RI,
1136 1998 1275 2066 plano
1302 2000 1518 2047 LMNO
1543 1998 1998 2067 perpendicularibus
2011 1997 2109 2060 ,sed
2121 2019 2172 2048 ex
2190 1999 2320 2048 lineis

646 2076 680 2121 P
691 2079 716 2121 S
730 2112 743 2132 ‚
755 2070 827 2119 vel
845 2076 887 2120 R
901 2069 960 2128 Q
973 2110 986 2130 ,
1002 2068 1059 2117 ad
1077 2068 1356 2137 produ<9mm
1373 2066 1692 2116 delineationis
1710 2067 1901 2136 planum
1917 2074 1946 2117 F
1958 2073 1998 2117 G
2011 2073 2052 2118 K
2063 2074 2107 2119 T
2127 2087 2322 2138 perpen-

647 2137 924 2189 dicularibus
945 2160 954 2185 :
977 2142 1146 2206 poterit
1162 2140 1301 2205 igitur
1317 2141 1364 2184 in
1381 2134 1689 2185 delineatione
1717 2135 1936 2207 obliqua,
1953 2136 2108 2207 figurae
2134 2139 2323 2198 ABCD,

651 2210 742 2258 dici
757 2209 879 2258 linea
897 2208 999 2266 QR
1021 2206 1215 2256 altitudo
1234 2204 1358 2255 oculi
1375 2203 1505 2274 super
1522 2205 1712 2274 planum
1730 2203 1803 2254 seu
1820 2206 1879 2255 ab
1908 2209 2077 2256 eodem
2099 2206 2319 2256 distantia.

648 2287 672 2329 S
686 2278 869 2326 imiliter
887 2288 930 2328 &
948 2282 996 2325 in
1016 2274 1244 2325 schemate
1267 2276 1409 2322 XXX
1417 2275 1486 2319 lX
1500 2315 1512 2335 ,
1530 2292 1628 2322 non
1648 2274 1886 2324 aestimabis
1915 2274 2040 2324 oculi
2068 2268 2330 2325 distantiam

650 2345 675 2395 a
691 2346 890 2397 sectione
906 2365 986 2416 per
1003 2344 1171 2394 lineam
1195 2345 1305 2405 PQ,
1321 2341 1355 2392 si
1371 2343 1564 2413 quidem
1584 2353 1628 2393 &
1647 2349 1695 2392 in
1716 2343 1854 2412 plano
1879 2348 2075 2395 LMNO
2106 2346 2170 2394 est
2193 2342 2322 2393 obie-

651 2422 776 2465 cCtum
805 2413 1178 2465 adumbrandum
1208 2413 1485 2483 quadratum
1507 2411 1645 2475 abed,
1670 2410 1807 2461 sectio
1831 2433 1940 2462 vero
1965 2432 2063 2462 non
2089 2414 2224 2483 plana
2248 2411 2326 2462 sed

652 2491 917 2554 prominens
939 2484 959 2531 ἐ
980 2501 1180 2552 quatuor
1199 2483 1344 2552 planis
1362 2482 1606 2551 pyramidis
1627 2481 1939 2551 quadrilatarae
1955 2483 2014 2530 ad
2031 2488 2233 2532 inuicem
2254 2487 2325 2530 in-

649 2554 825 2602 clinatis
846 2559 893 2602 in
913 2555 1130 2601 ABCDV
1154 2553 1468 2612 constituitur,
1483 2555 1545 2600 ita
1561 2568 1608 2599 vt
1623 2555 1712 2599 axis
1732 2556 1912 2618 opticus
1931 2555 1980 2598 in
2000 2550 2119 2600 illius
2145 2555 2327 2620 apicem

650 2625 771 2672 1·εᾶὶᾶ
789 2627 988 2670 incurrat
1001 2664 1012 2683 ,
1033 2631 1076 2670 δε
1093 2638 1199 2668 cum
1216 2620 1332 2668 illius
1351 2638 1430 2668 axe
1447 2624 1753 2681 conueniens,
1769 2623 1816 2667 in
1835 2617 1980 2668 basim
1997 2621 2054 2669 ad
2071 2625 2218 2670 rectos
2245 2638 2325 2668 an-

652 2692 784 2761 gulos
803 2692 975 2740 incidat
995 2719 1006 2751 ·,
1024 2688 1143 2737 vnde
1167 2700 1210 2740 ὃς
1227 2708 1357 2758 potes
1373 2688 1497 2738 oculi
1518 2689 1776 2737 distantiam
1792 2687 1851 2737 ab
1869 2708 1922 2737 ea
1939 2686 2184 2739 desumere.

723 2761 927 2809 Aduerte
945 2765 1084 2809 etiam
1105 2763 1151 2805 in
1168 2758 1235 2808 his
1258 2777 1305 2807 vt
1326 2758 1575 2827 plurimum
1592 2757 1791 2806 abstrahi
1812 2756 1982 2807 debere
2000 2757 2058 2807 ab
2085 2758 2327 2810 altitudine

657 2829 987 2878 oculinaturali
1004 2849 1041 2877 v.
1062 2847 1104 2897 g.
1133 2834 1343 2898 quinque
1373 2827 1566 2895 pedum,
1593 2824 1833 2897 praesertim
1857 2827 1970 2876 dum
1992 2833 2042 2875 in
2066 2827 2211 2897 planis
2234 2827 2328 2878 fiue

652 2895 975 2967 superficiebus
995 2896 1248 2946 mobilibus
1277 2895 1614 2965 designationes
1628 2895 1745 2944 fiunt
1764 2923 1776 2956 ·,
1799 2901 1848 2944 in
1870 2901 1921 2944 iis
1945 2900 2070 2945 enim
2089 2916 2197 2946 cum
2213 2917 2331 2966 pun-

656 2971 780 3015 &um
800 2968 1155 3016 determinatum
1172 2965 1417 3035 affignatur
1434 2985 1485 3013 ex
1509 2985 1604 3036 quo
1627 2963 1816 3033 specstari
1837 2963 2110 3026 debeant,vt
2123 2965 2329 3035 proposi-

662 3054 761 3084 tum
777 3036 995 3086 effecitum
1013 3037 1328 3104 assequantur,
1353 3032 1665 3084 consideratur
1685 3034 1846 3083 oculus
1867 3033 1984 3083 liber
2003 3045 2047 3084 &
2070 3036 2218 3084 nudus
2235 3036 2329 3084 nul-

657 3103 684 3151 li
713 3106 844 3154 statui
863 3122 939 3153 aut
956 3103 1058 3154 fitui
1078 3102 1328 3173 specialiter
1350 3103 1577 3165 addictus,
1600 3107 1682 3172 qui
1706 3101 1840 3170 poffit
1865 3099 1993 3171 supra
2009 3114 2054 3154 &
2074 3099 2191 3153 infra
2208 3104 2331 3153 hori-

657 3192 866 3236 zontem,
892 3173 1069 3223 alatere
1089 3173 1247 3222 dextro
1269 3182 1312 3221 ὃς
1331 3170 1530 3233 sinistro,
1550 3172 1657 3221 hinc
1676 3172 1784 3222 inde
1804 3191 1887 3241 pro
1910 3172 2002 3221 loci
2023 3183 2068 3223 &
2093 3172 2215 3242 plani
2241 3176 2356 3221 exi-O

658 3250 811 3307 gentia
833 3254 876 3293 ὃ(
896 3241 1100 3312 apposite
1118 3243 1177 3291 ad
1195 3247 1426 3290 intentum
1454 3241 1697 3292 collocari3
1723 3259 1824 3310 quae
1842 3260 1886 3291 te
1905 3240 2044 3291 latere
2065 3241 2194 3291 nolui
2208 3259 2258 3290 vt
2272 3248 2331 3291 ti-

659 3309 708 3357 bi
721 3330 906 3361 *nouum
921 3331 1018 3360 non
1036 3309 1090 3361 sit
1120 3310 1310 3381 quando
1334 3314 1382 3359 in
1398 3305 1695 3380 sequentibus
1719 3315 1946 3380 pundkum
1963 3310 2084 3362 oculi
2100 3328 2184 3380 pro
2209 3310 2334 3378 arbi&
