<?xml version="1.0" encoding="UTF-8"?>
<!DOCTYPE html PUBLIC "-//W3C//DTD XHTML 1.0 Transitional//EN"
    "http://www.w3.org/TR/xhtml1/DTD/xhtml1-transitional.dtd">
<html xmlns="http://www.w3.org/1999/xhtml" xml:lang="en" lang="en">
 <head>
  <title>
</title>
<meta http-equiv="Content-Type" content="text/html;charset=utf-8" />
  <meta name='ocr-system' content='tesseract 3.04.00' />
  <meta name='ocr-capabilities' content='ocr_page ocr_carea ocr_par ocr_line ocrx_word'/>
</head>
<body>
  <div class='ocr_page' id='page_1' title='image "./rpioannisfrancis00nice_0165.png"; bbox 0 0 2498 3898; ppageno 0'>
   <div class='ocr_carea' id='block_1_1' title="bbox 181 249 1889 1545">
    <p class='ocr_par' dir='ltr' id='par_1_1' title="bbox 181 249 1889 873">
     <span class='ocr_line' id='line_1_1' title="bbox 628 249 1866 309; baseline -0.002 -10"><span class='ocrx_word' id='word_1_1' title='bbox 628 252 881 300; x_wconf 71' lang='lat' dir='ltr'>LIBER</span> <span class='ocrx_word' id='word_1_2' title='bbox 957 249 1412 296; x_wconf 77' lang='lat' dir='ltr'><strong>SECVNDVS.</strong></span> <span class='ocrx_word' id='word_1_3' title='bbox 1807 267 1866 309; x_wconf 63' lang='grc' dir='ltr'>ης</span> 
     </span>
     <span class='ocr_line' id='line_1_2' title="bbox 181 317 1865 393; baseline -0.004 -23"><span class='ocrx_word' id='word_1_4' title='bbox 181 320 345 375; x_wconf 82' lang='lat' dir='ltr'>diuersi</span> <span class='ocrx_word' id='word_1_5' title='bbox 363 327 541 393; x_wconf 81' lang='lat' dir='ltr'>generis</span> <span class='ocrx_word' id='word_1_6' title='bbox 555 320 738 370; x_wconf 85' lang='lat' dir='ltr'>habitus</span> <span class='ocrx_word' id='word_1_7' title='bbox 749 362 759 378; x_wconf 88' lang='lat'>‚</span> <span class='ocrx_word' id='word_1_8' title='bbox 773 338 881 389; x_wconf 87' lang='lat' dir='ltr'>puta</span> <span class='ocrx_word' id='word_1_9' title='bbox 905 317 1225 369; x_wconf 78' lang='lat' dir='ltr'>pontificalem</span> <span class='ocrx_word' id='word_1_10' title='bbox 1236 359 1248 378; x_wconf 86' lang='lat'>,</span> <span class='ocrx_word' id='word_1_11' title='bbox 1260 321 1634 385; x_wconf 86' lang='lat' dir='ltr'>Imperatorium,</span> <span class='ocrx_word' id='word_1_12' title='bbox 1648 320 1865 384; x_wconf 81' lang='lat' dir='ltr'>Regium,</span> 
     </span>
     <span class='ocr_line' id='line_1_3' title="bbox 182 383 1889 452; baseline -0.005 -14"><span class='ocrx_word' id='word_1_13' title='bbox 182 389 434 439; x_wconf 85' lang='lat' dir='ltr'>Militarem</span> <span class='ocrx_word' id='word_1_14' title='bbox 462 432 475 452; x_wconf 93' lang='lat'>,</span> <span class='ocrx_word' id='word_1_15' title='bbox 502 389 859 449; x_wconf 81' lang='lat' dir='ltr'>Monachalem,</span> <span class='ocrx_word' id='word_1_16' title='bbox 885 393 1211 447; x_wconf 83' lang='lat' dir='ltr'>Venatorium,</span> <span class='ocrx_word' id='word_1_17' title='bbox 1238 385 1535 445; x_wconf 80' lang='lat' dir='ltr'>Pastoralem,</span> <span class='ocrx_word' id='word_1_18' title='bbox 1555 383 1794 436; x_wconf 86' lang='lat' dir='ltr'>Rusticum</span> <span class='ocrx_word' id='word_1_19' title='bbox 1817 396 1862 435; x_wconf 69' lang='grc' dir='ltr'>ὃς</span> <span class='ocrx_word' id='word_1_20' title='bbox 1887 429 1889 431; x_wconf 76' lang='grc'>,</span> 
     </span>
     <span class='ocr_line' id='line_1_4' title="bbox 181 451 1860 529; baseline -0.003 -21"><span class='ocrx_word' id='word_1_21' title='bbox 181 459 294 508; x_wconf 86' lang='lat' dir='ltr'>alios</span> <span class='ocrx_word' id='word_1_22' title='bbox 320 456 627 529; x_wconf 85' lang='lat' dir='ltr'>quoscunque</span> <span class='ocrx_word' id='word_1_23' title='bbox 653 459 711 507; x_wconf 88' lang='lat' dir='ltr'>ad</span> <span class='ocrx_word' id='word_1_24' title='bbox 740 462 924 527; x_wconf 57' lang='lat' dir='ltr'>picroris</span> <span class='ocrx_word' id='word_1_25' title='bbox 956 455 1193 505; x_wconf 78' lang='lat' dir='ltr'>arbitrium</span> <span class='ocrx_word' id='word_1_26' title='bbox 1213 451 1454 523; x_wconf 79' lang='lat' dir='ltr'>praeferunt</span> <span class='ocrx_word' id='word_1_27' title='bbox 1472 484 1483 516; x_wconf 86' lang='lat'>·,</span> <span class='ocrx_word' id='word_1_28' title='bbox 1504 453 1565 504; x_wconf 83' lang='lat' dir='ltr'>sic</span> <span class='ocrx_word' id='word_1_29' title='bbox 1584 454 1642 503; x_wconf 88' lang='lat' dir='ltr'>ad</span> <span class='ocrx_word' id='word_1_30' title='bbox 1658 471 1795 500; x_wconf 82' lang='lat' dir='ltr'>vnam</span> <span class='ocrx_word' id='word_1_31' title='bbox 1816 464 1860 503; x_wconf 68' lang='grc' dir='ltr'>ὃς</span> 
     </span>
     <span class='ocr_line' id='line_1_5' title="bbox 184 518 1861 594; baseline -0.002 -19"><span class='ocrx_word' id='word_1_32' title='bbox 184 529 396 576; x_wconf 89' lang='lat' dir='ltr'>eamdem</span> <span class='ocrx_word' id='word_1_33' title='bbox 425 533 570 578; x_wconf 89' lang='lat' dir='ltr'>iconis</span> <span class='ocrx_word' id='word_1_34' title='bbox 597 526 764 577; x_wconf 87' lang='lat' dir='ltr'>faciem</span> <span class='ocrx_word' id='word_1_35' title='bbox 789 525 996 594; x_wconf 72' lang='lat' dir='ltr'>congrue</span> <span class='ocrx_word' id='word_1_36' title='bbox 1021 522 1249 593; x_wconf 79' lang='lat' dir='ltr'>apposita,</span> <span class='ocrx_word' id='word_1_37' title='bbox 1276 527 1426 570; x_wconf 85' lang='lat' dir='ltr'>omnis</span> <span class='ocrx_word' id='word_1_38' title='bbox 1458 528 1635 593; x_wconf 82' lang='lat' dir='ltr'>generis</span> <span class='ocrx_word' id='word_1_39' title='bbox 1651 518 1861 589; x_wconf 61' lang='lat' dir='ltr'>p-‘rsonas</span> 
     </span>
     <span class='ocr_line' id='line_1_6' title="bbox 183 588 1860 666; baseline -0.002 -23"><span class='ocrx_word' id='word_1_40' title='bbox 183 595 791 666; x_wconf 82' lang='lat' dir='ltr'>exhibent,Imperatorem,</span> <span class='ocrx_word' id='word_1_41' title='bbox 808 595 1350 655; x_wconf 79' lang='lat' dir='ltr'>Milltem,Venatorem,</span> <span class='ocrx_word' id='word_1_42' title='bbox 1370 594 1609 643; x_wconf 85' lang='lat' dir='ltr'>Rusticum</span> <span class='ocrx_word' id='word_1_43' title='bbox 1630 635 1643 654; x_wconf 94' lang='lat'>,</span> <span class='ocrx_word' id='word_1_44' title='bbox 1667 601 1749 640; x_wconf 73' lang='grc' dir='ltr'><em>δεε-</em></span> <span class='ocrx_word' id='word_1_45' title='bbox 1775 588 1860 639; x_wconf 75' lang='lat' dir='ltr'>sic-</span> 
     </span>
     <span class='ocr_line' id='line_1_7' title="bbox 184 658 1860 734; baseline -0.002 -22"><span class='ocrx_word' id='word_1_46' title='bbox 184 683 275 731; x_wconf 84' lang='lat' dir='ltr'>que</span> <span class='ocrx_word' id='word_1_47' title='bbox 292 664 546 734; x_wconf 85' lang='lat' dir='ltr'>aspicientis</span> <span class='ocrx_word' id='word_1_48' title='bbox 566 665 726 714; x_wconf 82' lang='lat' dir='ltr'>oculos</span> <span class='ocrx_word' id='word_1_49' title='bbox 744 660 933 724; x_wconf 86' lang='lat' dir='ltr'>fallunt,</span> <span class='ocrx_word' id='word_1_50' title='bbox 951 681 998 711; x_wconf 89' lang='lat' dir='ltr'>vt</span> <span class='ocrx_word' id='word_1_51' title='bbox 1015 681 1128 711; x_wconf 78' lang='lat' dir='ltr'>vnus</span> <span class='ocrx_word' id='word_1_52' title='bbox 1157 672 1200 711; x_wconf 64' lang='grc' dir='ltr'>ὃς</span> <span class='ocrx_word' id='word_1_53' title='bbox 1221 661 1341 709; x_wconf 88' lang='lat' dir='ltr'>idem</span> <span class='ocrx_word' id='word_1_54' title='bbox 1363 658 1537 731; x_wconf 81' lang='lat' dir='ltr'>semper</span> <span class='ocrx_word' id='word_1_55' title='bbox 1555 661 1703 710; x_wconf 88' lang='lat' dir='ltr'>vultus</span> <span class='ocrx_word' id='word_1_56' title='bbox 1720 661 1860 709; x_wconf 78' lang='lat' dir='ltr'>diuer-</span> 
     </span>
     <span class='ocr_line' id='line_1_8' title="bbox 184 727 1863 802; baseline -0.002 -19"><span class='ocrx_word' id='word_1_57' title='bbox 184 734 239 783; x_wconf 75' lang='lat' dir='ltr'>sis</span> <span class='ocrx_word' id='word_1_58' title='bbox 257 731 377 782; x_wconf 82' lang='lat' dir='ltr'>foliis</span> <span class='ocrx_word' id='word_1_59' title='bbox 396 734 633 801; x_wconf 86' lang='lat' dir='ltr'>diaphanis</span> <span class='ocrx_word' id='word_1_60' title='bbox 652 730 906 802; x_wconf 81' lang='lat' dir='ltr'>suppositus</span> <span class='ocrx_word' id='word_1_61' title='bbox 925 732 1037 781; x_wconf 84' lang='lat' dir='ltr'>alius</span> <span class='ocrx_word' id='word_1_62' title='bbox 1058 730 1233 800; x_wconf 84' lang='lat' dir='ltr'>semper</span> <span class='ocrx_word' id='word_1_63' title='bbox 1252 741 1295 780; x_wconf 62' lang='grc' dir='ltr'>ὃς</span> <span class='ocrx_word' id='word_1_64' title='bbox 1321 730 1452 792; x_wconf 82' lang='lat' dir='ltr'>alius,</span> <span class='ocrx_word' id='word_1_65' title='bbox 1471 750 1553 801; x_wconf 86' lang='lat' dir='ltr'>pro</span> <span class='ocrx_word' id='word_1_66' title='bbox 1581 727 1757 780; x_wconf 88' lang='lat' dir='ltr'>diuerso</span> <span class='ocrx_word' id='word_1_67' title='bbox 1785 734 1863 779; x_wconf 80' lang='lat' dir='ltr'>cui</span> 
     </span>
     <span class='ocr_line' id='line_1_9' title="bbox 185 802 931 873; baseline -0.004 -21"><span class='ocrx_word' id='word_1_68' title='bbox 185 809 388 873; x_wconf 75' lang='lat' dir='ltr'>iungitur</span> <span class='ocrx_word' id='word_1_69' title='bbox 407 802 591 866; x_wconf 85' lang='lat' dir='ltr'>habitu,</span> <span class='ocrx_word' id='word_1_70' title='bbox 610 803 696 852; x_wconf 79' lang='lat' dir='ltr'>esse</span> <span class='ocrx_word' id='word_1_71' title='bbox 713 802 931 850; x_wconf 85' lang='lat' dir='ltr'>videatur.</span> 
     </span>
    </p>

    <p class='ocr_par' dir='ltr' id='par_1_2' title="bbox 184 867 1864 1545">
     <span class='ocr_line' id='line_1_10' title="bbox 260 867 1860 944; baseline -0.003 -23"><span class='ocrx_word' id='word_1_72' title='bbox 260 873 335 921; x_wconf 70' lang='lat' dir='ltr'>Est</span> <span class='ocrx_word' id='word_1_73' title='bbox 360 883 403 922; x_wconf 63' lang='grc' dir='ltr'>ὃς</span> <span class='ocrx_word' id='word_1_74' title='bbox 422 873 545 921; x_wconf 87' lang='lat' dir='ltr'>aliud</span> <span class='ocrx_word' id='word_1_75' title='bbox 575 876 754 944; x_wconf 88' lang='lat' dir='ltr'>penitus</span> <span class='ocrx_word' id='word_1_76' title='bbox 780 889 876 918; x_wconf 93' lang='lat' dir='ltr'>non</span> <span class='ocrx_word' id='word_1_77' title='bbox 904 869 1326 930; x_wconf 87' lang='lat' dir='ltr'>contemnendum,</span> <span class='ocrx_word' id='word_1_78' title='bbox 1355 886 1461 918; x_wconf 88' lang='lat' dir='ltr'>cum</span> <span class='ocrx_word' id='word_1_79' title='bbox 1484 868 1581 917; x_wconf 81' lang='lat' dir='ltr'>duae</span> <span class='ocrx_word' id='word_1_80' title='bbox 1606 867 1758 937; x_wconf 76' lang='lat' dir='ltr'>figurae</span> <span class='ocrx_word' id='word_1_81' title='bbox 1777 868 1860 917; x_wconf 77' lang='lat' dir='ltr'>hu-</span> 
     </span>
     <span class='ocr_line' id='line_1_11' title="bbox 184 935 1862 1006; baseline -0.005 -14"><span class='ocrx_word' id='word_1_82' title='bbox 184 961 327 992; x_wconf 76' lang='lat' dir='ltr'>mana&gt;</span> <span class='ocrx_word' id='word_1_83' title='bbox 348 940 479 991; x_wconf 82' lang='lat' dir='ltr'>simul</span> <span class='ocrx_word' id='word_1_84' title='bbox 495 946 542 990; x_wconf 93' lang='lat' dir='ltr'>in</span> <span class='ocrx_word' id='word_1_85' title='bbox 559 941 721 990; x_wconf 86' lang='lat' dir='ltr'>eadem</span> <span class='ocrx_word' id='word_1_86' title='bbox 740 939 896 988; x_wconf 81' lang='lat' dir='ltr'>tabula</span> <span class='ocrx_word' id='word_1_87' title='bbox 913 945 960 986; x_wconf 88' lang='lat' dir='ltr'>in</span> <span class='ocrx_word' id='word_1_88' title='bbox 982 937 1139 986; x_wconf 88' lang='lat' dir='ltr'>debita</span> <span class='ocrx_word' id='word_1_89' title='bbox 1167 943 1468 1006; x_wconf 87' lang='lat' dir='ltr'>proportione</span> <span class='ocrx_word' id='word_1_90' title='bbox 1493 935 1553 986; x_wconf 84' lang='lat' dir='ltr'>sic</span> <span class='ocrx_word' id='word_1_91' title='bbox 1584 935 1862 986; x_wconf 86' lang='lat' dir='ltr'>adumbran-</span> 
     </span>
     <span class='ocr_line' id='line_1_12' title="bbox 188 1004 1858 1080; baseline -0.005 -19"><span class='ocrx_word' id='word_1_92' title='bbox 188 1031 283 1072; x_wconf 87' lang='lat' dir='ltr'>tur,</span> <span class='ocrx_word' id='word_1_93' title='bbox 299 1030 346 1059; x_wconf 89' lang='lat' dir='ltr'>vt</span> <span class='ocrx_word' id='word_1_94' title='bbox 360 1011 484 1060; x_wconf 66' lang='lat' dir='ltr'>nulla</span> <span class='ocrx_word' id='word_1_95' title='bbox 499 1017 546 1060; x_wconf 92' lang='lat' dir='ltr'>in</span> <span class='ocrx_word' id='word_1_96' title='bbox 562 1008 664 1080; x_wconf 81' lang='lat' dir='ltr'>ipsis</span> <span class='ocrx_word' id='word_1_97' title='bbox 686 1009 843 1079; x_wconf 82' lang='lat' dir='ltr'>figuris</span> <span class='ocrx_word' id='word_1_98' title='bbox 863 1004 981 1056; x_wconf 62' lang='lat' dir='ltr'>fasta</span> <span class='ocrx_word' id='word_1_99' title='bbox 1010 1011 1268 1054; x_wconf 79' lang='lat' dir='ltr'>mutatione</span> <span class='ocrx_word' id='word_1_100' title='bbox 1288 1047 1301 1068; x_wconf 95' lang='lat'>,</span> <span class='ocrx_word' id='word_1_101' title='bbox 1331 1007 1474 1055; x_wconf 91' lang='lat' dir='ltr'>modo</span> <span class='ocrx_word' id='word_1_102' title='bbox 1496 1007 1553 1055; x_wconf 89' lang='lat' dir='ltr'>ad</span> <span class='ocrx_word' id='word_1_103' title='bbox 1583 1004 1624 1055; x_wconf 90' lang='lat' dir='ltr'>se</span> <span class='ocrx_word' id='word_1_104' title='bbox 1656 1010 1858 1055; x_wconf 89' lang='lat' dir='ltr'>inuicem</span> 
     </span>
     <span class='ocr_line' id='line_1_13' title="bbox 189 1075 1856 1146; baseline -0.005 -16"><span class='ocrx_word' id='word_1_105' title='bbox 189 1078 432 1141; x_wconf 75' lang='lat' dir='ltr'>conuersae,</span> <span class='ocrx_word' id='word_1_106' title='bbox 452 1081 597 1129; x_wconf 93' lang='lat' dir='ltr'>modo</span> <span class='ocrx_word' id='word_1_107' title='bbox 615 1077 773 1128; x_wconf 83' lang='lat' dir='ltr'>auersae&#39;</span> <span class='ocrx_word' id='word_1_108' title='bbox 791 1075 1150 1146; x_wconf 77' lang='lat' dir='ltr'>conspiciantur,</span> <span class='ocrx_word' id='word_1_109' title='bbox 1168 1076 1299 1144; x_wconf 90' lang='lat' dir='ltr'>quod</span> <span class='ocrx_word' id='word_1_110' title='bbox 1324 1082 1478 1125; x_wconf 89' lang='lat' dir='ltr'>euenit</span> <span class='ocrx_word' id='word_1_111' title='bbox 1503 1093 1689 1144; x_wconf 86' lang='lat' dir='ltr'>propter</span> <span class='ocrx_word' id='word_1_112' title='bbox 1717 1079 1856 1124; x_wconf 66' lang='lat' dir='ltr'>inter-</span> 
     </span>
     <span class='ocr_line' id='line_1_14' title="bbox 188 1142 1861 1218; baseline -0.005 -19"><span class='ocrx_word' id='word_1_113' title='bbox 188 1155 358 1199; x_wconf 63' lang='lat' dir='ltr'>ietstum</span> <span class='ocrx_word' id='word_1_114' title='bbox 375 1155 493 1198; x_wconf 86' lang='lat' dir='ltr'>inter</span> <span class='ocrx_word' id='word_1_115' title='bbox 510 1147 621 1218; x_wconf 84' lang='lat' dir='ltr'>ipsas</span> <span class='ocrx_word' id='word_1_116' title='bbox 640 1147 806 1216; x_wconf 83' lang='lat' dir='ltr'>figuras</span> <span class='ocrx_word' id='word_1_117' title='bbox 825 1144 1140 1204; x_wconf 89' lang='lat' dir='ltr'>interuallum,</span> <span class='ocrx_word' id='word_1_118' title='bbox 1161 1145 1290 1212; x_wconf 87' lang='lat' dir='ltr'>quod</span> <span class='ocrx_word' id='word_1_119' title='bbox 1312 1163 1360 1193; x_wconf 88' lang='lat' dir='ltr'>vt</span> <span class='ocrx_word' id='word_1_120' title='bbox 1384 1144 1559 1194; x_wconf 81' lang='lat' dir='ltr'>mobile</span> <span class='ocrx_word' id='word_1_121' title='bbox 1588 1145 1672 1204; x_wconf 90' lang='lat' dir='ltr'>est,</span> <span class='ocrx_word' id='word_1_122' title='bbox 1696 1142 1861 1192; x_wconf 85' lang='lat' dir='ltr'>libere-</span> 
     </span>
     <span class='ocr_line' id='line_1_15' title="bbox 190 1210 1863 1287; baseline -0.004 -21"><span class='ocrx_word' id='word_1_123' title='bbox 190 1238 282 1287; x_wconf 88' lang='lat' dir='ltr'>que</span> <span class='ocrx_word' id='word_1_124' title='bbox 307 1216 505 1267; x_wconf 88' lang='lat' dir='ltr'>voluitur</span> <span class='ocrx_word' id='word_1_125' title='bbox 530 1229 574 1268; x_wconf 84' lang='lat'>&amp;</span> <span class='ocrx_word' id='word_1_126' title='bbox 600 1216 748 1287; x_wconf 88' lang='lat' dir='ltr'>potest</span> <span class='ocrx_word' id='word_1_127' title='bbox 775 1215 832 1262; x_wconf 87' lang='lat' dir='ltr'>ad</span> <span class='ocrx_word' id='word_1_128' title='bbox 852 1214 1092 1264; x_wconf 82' lang='lat' dir='ltr'>arbitrium</span> <span class='ocrx_word' id='word_1_129' title='bbox 1110 1213 1351 1273; x_wconf 77' lang='lat' dir='ltr'>constitui3</span> <span class='ocrx_word' id='word_1_130' title='bbox 1372 1233 1454 1283; x_wconf 89' lang='lat' dir='ltr'>pro</span> <span class='ocrx_word' id='word_1_131' title='bbox 1472 1219 1595 1262; x_wconf 88' lang='lat' dir='ltr'>vario</span> <span class='ocrx_word' id='word_1_132' title='bbox 1616 1210 1702 1260; x_wconf 84' lang='lat' dir='ltr'>situ</span> <span class='ocrx_word' id='word_1_133' title='bbox 1719 1231 1863 1280; x_wconf 88' lang='lat' dir='ltr'>quem</span> 
     </span>
     <span class='ocr_line' id='line_1_16' title="bbox 188 1279 1856 1356; baseline -0.005 -21"><span class='ocrx_word' id='word_1_134' title='bbox 188 1287 391 1348; x_wconf 89' lang='lat' dir='ltr'>obtinet,</span> <span class='ocrx_word' id='word_1_135' title='bbox 408 1292 576 1336; x_wconf 86' lang='lat' dir='ltr'>variam</span> <span class='ocrx_word' id='word_1_136' title='bbox 595 1303 788 1356; x_wconf 89' lang='lat' dir='ltr'>quoque</span> <span class='ocrx_word' id='word_1_137' title='bbox 809 1282 1002 1351; x_wconf 86' lang='lat' dir='ltr'>ipsarum</span> <span class='ocrx_word' id='word_1_138' title='bbox 1019 1280 1269 1351; x_wconf 83' lang='lat' dir='ltr'>figurarum</span> <span class='ocrx_word' id='word_1_139' title='bbox 1289 1279 1633 1351; x_wconf 73' lang='lat' dir='ltr'>dispositionem</span> <span class='ocrx_word' id='word_1_140' title='bbox 1657 1279 1856 1329; x_wconf 85' lang='lat' dir='ltr'>exhibet.</span> 
     </span>
     <span class='ocr_line' id='line_1_17' title="bbox 190 1348 1864 1423; baseline -0.006 -17"><span class='ocrx_word' id='word_1_141' title='bbox 190 1358 277 1406; x_wconf 85' lang='lat' dir='ltr'>Sed</span> <span class='ocrx_word' id='word_1_142' title='bbox 295 1357 351 1404; x_wconf 88' lang='lat' dir='ltr'>de</span> <span class='ocrx_word' id='word_1_143' title='bbox 368 1356 436 1405; x_wconf 86' lang='lat' dir='ltr'>his</span> <span class='ocrx_word' id='word_1_144' title='bbox 463 1354 561 1405; x_wconf 71' lang='lat' dir='ltr'>latis</span> <span class='ocrx_word' id='word_1_145' title='bbox 588 1354 757 1414; x_wconf 87' lang='lat' dir='ltr'>multa,</span> <span class='ocrx_word' id='word_1_146' title='bbox 776 1368 1057 1423; x_wconf 87' lang='lat' dir='ltr'>quapropter</span> <span class='ocrx_word' id='word_1_147' title='bbox 1083 1351 1142 1398; x_wconf 88' lang='lat' dir='ltr'>ad</span> <span class='ocrx_word' id='word_1_148' title='bbox 1165 1355 1354 1407; x_wconf 87' lang='lat' dir='ltr'>inuenta</span> <span class='ocrx_word' id='word_1_149' title='bbox 1379 1348 1613 1400; x_wconf 87' lang='lat' dir='ltr'>subtiliora</span> <span class='ocrx_word' id='word_1_150' title='bbox 1639 1368 1735 1399; x_wconf 89' lang='lat' dir='ltr'>non</span> <span class='ocrx_word' id='word_1_151' title='bbox 1752 1348 1864 1416; x_wconf 64' lang='lat' dir='ltr'>pure</span> 
     </span>
     <span class='ocr_line' id='line_1_18' title="bbox 190 1415 1864 1494; baseline -0.006 -20"><span class='ocrx_word' id='word_1_152' title='bbox 190 1431 434 1494; x_wconf 78' lang='lat' dir='ltr'>organica,</span> <span class='ocrx_word' id='word_1_153' title='bbox 462 1424 537 1474; x_wconf 88' lang='lat' dir='ltr'>sed</span> <span class='ocrx_word' id='word_1_154' title='bbox 560 1443 661 1494; x_wconf 84' lang='lat' dir='ltr'>quae</span> <span class='ocrx_word' id='word_1_155' title='bbox 686 1426 989 1472; x_wconf 68' lang='lat' dir='ltr'>Geometricis</span> <span class='ocrx_word' id='word_1_156' title='bbox 1021 1424 1159 1469; x_wconf 87' lang='lat' dir='ltr'>ctiam</span> <span class='ocrx_word' id='word_1_157' title='bbox 1184 1419 1652 1470; x_wconf 87' lang='lat' dir='ltr'>demonstrationibus</span> <span class='ocrx_word' id='word_1_158' title='bbox 1668 1415 1864 1485; x_wconf 51' lang='lat' dir='ltr'>fulcianf</span> 
     </span>
     <span class='ocr_line' id='line_1_19' title="bbox 191 1491 678 1545; baseline -0.006 0"><span class='ocrx_word' id='word_1_159' title='bbox 191 1514 261 1545; x_wconf 87' lang='lat' dir='ltr'>tur</span> <span class='ocrx_word' id='word_1_160' title='bbox 280 1514 363 1543; x_wconf 86' lang='lat' dir='ltr'>nos</span> <span class='ocrx_word' id='word_1_161' title='bbox 383 1491 678 1544; x_wconf 74' lang='lat' dir='ltr'>conferimus.</span> 
     </span>
    </p>
   </div>
   <div class='ocr_carea' id='block_1_2' title="bbox 571 1624 1490 1682">
    <p class='ocr_par' dir='ltr' id='par_1_3' title="bbox 571 1624 1490 1682">
     <span class='ocr_line' id='line_1_20' title="bbox 571 1624 1490 1682; baseline -0.001 -2"><span class='ocrx_word' id='word_1_162' title='bbox 571 1630 1145 1682; x_wconf 81' lang='lat' dir='ltr'>PROPOSITIO</span> <span class='ocrx_word' id='word_1_163' title='bbox 1204 1624 1490 1680; x_wconf 45' lang='lat' dir='ltr'>PRIMA,</span> 
     </span>
    </p>
   </div>
   <div class='ocr_carea' id='block_1_3' title="bbox 830 1776 1234 1824">
    <p class='ocr_par' dir='ltr' id='par_1_4' title="bbox 830 1776 1234 1824">
     <span class='ocr_line' id='line_1_21' title="bbox 830 1776 1234 1824; baseline -0.01 -2"><span class='ocrx_word' id='word_1_164' title='bbox 830 1776 1234 1824; x_wconf 44' lang='lat' dir='ltr'>THEOREMQ</span> 
     </span>
    </p>
   </div>
   <div class='ocr_carea' id='block_1_4' title="bbox 194 1907 1870 2128">
    <p class='ocr_par' dir='ltr' id='par_1_5' title="bbox 194 1907 1870 2128">
     <span class='ocr_line' id='line_1_22' title="bbox 194 1907 1870 1988; baseline -0.003 -27"><span class='ocrx_word' id='word_1_165' title='bbox 194 1914 391 1978; x_wconf 73' lang='lat' dir='ltr'>Quamdiu</span> <span class='ocrx_word' id='word_1_166' title='bbox 416 1933 543 1963; x_wconf 81' lang='lat' dir='ltr'>manet</span> <span class='ocrx_word' id='word_1_167' title='bbox 559 1915 658 1963; x_wconf 82' lang='lat' dir='ltr'>idem</span> <span class='ocrx_word' id='word_1_168' title='bbox 672 1931 806 1962; x_wconf 69' lang='lat' dir='ltr'>vertex</span> <span class='ocrx_word' id='word_1_169' title='bbox 807 1912 1032 1988; x_wconf 67' lang='lat' dir='ltr'>pyramidis</span> <span class='ocrx_word' id='word_1_170' title='bbox 1045 1912 1209 1980; x_wconf 68' lang='lat' dir='ltr'>visualis</span> <span class='ocrx_word' id='word_1_171' title='bbox 1221 1946 1234 1963; x_wconf 84' lang='lat'>,</span> <span class='ocrx_word' id='word_1_172' title='bbox 1249 1907 1573 1977; x_wconf 76' lang='lat' dir='ltr'>quomodocunque</span> <span class='ocrx_word' id='word_1_173' title='bbox 1586 1909 1740 1957; x_wconf 72' lang='lat' dir='ltr'>tandem</span> <span class='ocrx_word' id='word_1_174' title='bbox 1749 1910 1870 1958; x_wconf 60' lang='lat' dir='ltr'>musei</span> 
     </span>
     <span class='ocr_line' id='line_1_23' title="bbox 296 1977 1760 2055; baseline -0.004 -25"><span class='ocrx_word' id='word_1_175' title='bbox 296 2001 359 2032; x_wconf 86' lang='lat' dir='ltr'>tur</span> <span class='ocrx_word' id='word_1_176' title='bbox 372 1983 469 2050; x_wconf 71' lang='lat' dir='ltr'>bafis</span> <span class='ocrx_word' id='word_1_177' title='bbox 488 1984 651 2054; x_wconf 85' lang='lat' dir='ltr'>eiusdem</span> <span class='ocrx_word' id='word_1_178' title='bbox 664 2003 736 2055; x_wconf 81' lang='lat' dir='ltr'>per·</span> <span class='ocrx_word' id='word_1_179' title='bbox 747 1982 1103 2053; x_wconf 26' lang='lat' dir='ltr'>varias-sbffioner,</span> <span class='ocrx_word' id='word_1_180' title='bbox 1119 1982 1267 2050; x_wconf 64' lang='lat' dir='ltr'>semper</span> <span class='ocrx_word' id='word_1_181' title='bbox 1280 1995 1406 2026; x_wconf 76' lang='lat' dir='ltr'>tamen</span> <span class='ocrx_word' id='word_1_182' title='bbox 1414 1978 1487 2040; x_wconf 84' lang='lat' dir='ltr'>fiet</span> <span class='ocrx_word' id='word_1_183' title='bbox 1504 1978 1634 2027; x_wconf 70' lang='lat' dir='ltr'>eadem</span> <span class='ocrx_word' id='word_1_184' title='bbox 1652 1977 1760 2045; x_wconf 68' lang='lat' dir='ltr'>visio,</span> 
     </span>
     <span class='ocr_line' id='line_1_24' title="bbox 528 2048 1519 2128; baseline -0.008 -25"><span class='ocrx_word' id='word_1_185' title='bbox 528 2058 604 2128; x_wconf 87' lang='lat' dir='ltr'>seu</span> <span class='ocrx_word' id='word_1_186' title='bbox 625 2050 823 2127; x_wconf 71' lang='lat' dir='ltr'>apparebit</span> <span class='ocrx_word' id='word_1_187' title='bbox 838 2051 968 2099; x_wconf 79' lang='lat' dir='ltr'>eadem</span> <span class='ocrx_word' id='word_1_188' title='bbox 984 2056 1108 2121; x_wconf 78' lang='lat' dir='ltr'>imago</span> <span class='ocrx_word' id='word_1_189' title='bbox 1125 2064 1184 2107; x_wconf 59' lang='grc' dir='ltr'>ξφ</span> <span class='ocrx_word' id='word_1_190' title='bbox 1206 2049 1305 2096; x_wconf 77' lang='lat' dir='ltr'>idem</span> <span class='ocrx_word' id='word_1_191' title='bbox 1322 2048 1519 2097; x_wconf 62' lang='lat' dir='ltr'>obieffum,</span> 
     </span>
    </p>
   </div>
   <div class='ocr_carea' id='block_1_5' title="bbox 197 2184 1877 3429">
    <p class='ocr_par' dir='ltr' id='par_1_6' title="bbox 197 2184 1877 3429">
     <span class='ocr_line' id='line_1_25' title="bbox 362 2184 1872 2265; baseline -0.005 -21"><span class='ocrx_word' id='word_1_192' title='bbox 362 2193 445 2244; x_wconf 84' lang='lat' dir='ltr'>AEc</span> <span class='ocrx_word' id='word_1_193' title='bbox 471 2193 723 2265; x_wconf 81' lang='lat' dir='ltr'>propositio</span> <span class='ocrx_word' id='word_1_194' title='bbox 749 2199 935 2244; x_wconf 79' lang='lat' dir='ltr'>maximi</span> <span class='ocrx_word' id='word_1_195' title='bbox 961 2197 1251 2242; x_wconf 87' lang='lat' dir='ltr'>momenti&amp;</span> <span class='ocrx_word' id='word_1_196' title='bbox 1271 2189 1412 2238; x_wconf 85' lang='lat' dir='ltr'>veluti</span> <span class='ocrx_word' id='word_1_197' title='bbox 1431 2185 1786 2242; x_wconf 77' lang='lat' dir='ltr'>fundamentum</span> <span class='ocrx_word' id='word_1_198' title='bbox 1806 2184 1872 2238; x_wconf 85' lang='lat' dir='ltr'>est</span> 
     </span>
     <span class='ocr_line' id='line_1_26' title="bbox 364 2257 1871 2336; baseline -0.003 -24"><span class='ocrx_word' id='word_1_199' title='bbox 364 2283 524 2312; x_wconf 90' lang='lat' dir='ltr'>eorum</span> <span class='ocrx_word' id='word_1_200' title='bbox 540 2269 751 2312; x_wconf 91' lang='lat' dir='ltr'>omnium</span> <span class='ocrx_word' id='word_1_201' title='bbox 764 2282 863 2333; x_wconf 86' lang='lat' dir='ltr'>quae</span> <span class='ocrx_word' id='word_1_202' title='bbox 883 2280 1204 2332; x_wconf 86' lang='lat' dir='ltr'>proponuntur</span> <span class='ocrx_word' id='word_1_203' title='bbox 1220 2265 1267 2308; x_wconf 89' lang='lat' dir='ltr'>in</span> <span class='ocrx_word' id='word_1_204' title='bbox 1284 2260 1374 2310; x_wconf 85' lang='lat' dir='ltr'>hoc</span> <span class='ocrx_word' id='word_1_205' title='bbox 1395 2257 1535 2319; x_wconf 68' lang='lat' dir='ltr'>libro,</span> <span class='ocrx_word' id='word_1_206' title='bbox 1551 2277 1691 2329; x_wconf 84' lang='lat' dir='ltr'>quare</span> <span class='ocrx_word' id='word_1_207' title='bbox 1710 2259 1766 2307; x_wconf 83' lang='lat' dir='ltr'>ad</span> <span class='ocrx_word' id='word_1_208' title='bbox 1775 2258 1871 2336; x_wconf 81' lang='lat' dir='ltr'>ple-</span> 
     </span>
     <span class='ocr_line' id='line_1_27' title="bbox 197 2329 1877 2402; baseline -0.004 -20"><span class='ocrx_word' id='word_1_209' title='bbox 197 2339 377 2382; x_wconf 89' lang='lat' dir='ltr'>niorem</span> <span class='ocrx_word' id='word_1_210' title='bbox 406 2332 522 2381; x_wconf 84' lang='lat' dir='ltr'>illius</span> <span class='ocrx_word' id='word_1_211' title='bbox 542 2332 909 2402; x_wconf 84' lang='lat' dir='ltr'>intelligentiam.</span> <span class='ocrx_word' id='word_1_212' title='bbox 1870 2329 1877 2334; x_wconf 76' lang='grc'><em>’</em></span> 
     </span>
     <span class='ocr_line' id='line_1_28' title="bbox 266 2397 1873 2472; baseline -0.004 -20"><span class='ocrx_word' id='word_1_213' title='bbox 266 2402 587 2452; x_wconf 85' lang='lat' dir='ltr'>Animaduerti</span> <span class='ocrx_word' id='word_1_214' title='bbox 616 2403 767 2472; x_wconf 84' lang='lat' dir='ltr'>potest</span> <span class='ocrx_word' id='word_1_215' title='bbox 794 2412 838 2451; x_wconf 75' lang='grc' dir='ltr'>δε</span> <span class='ocrx_word' id='word_1_216' title='bbox 864 2400 1024 2469; x_wconf 81' lang='lat' dir='ltr'>colligi</span> <span class='ocrx_word' id='word_1_217' title='bbox 1043 2412 1094 2449; x_wconf 80' lang='lat' dir='ltr'>ex</span> <span class='ocrx_word' id='word_1_218' title='bbox 1114 2406 1165 2448; x_wconf 84' lang='lat' dir='ltr'>iis</span> <span class='ocrx_word' id='word_1_219' title='bbox 1186 2408 1286 2469; x_wconf 67' lang='lat' dir='ltr'>quae</span> <span class='ocrx_word' id='word_1_220' title='bbox 1305 2398 1497 2446; x_wconf 85' lang='lat' dir='ltr'>diximu&#39;s</span> <span class='ocrx_word' id='word_1_221' title='bbox 1518 2402 1564 2446; x_wconf 89' lang='lat' dir='ltr'>in</span> <span class='ocrx_word' id='word_1_222' title='bbox 1583 2403 1722 2465; x_wconf 89' lang='lat' dir='ltr'>priori</span> <span class='ocrx_word' id='word_1_223' title='bbox 1737 2397 1873 2458; x_wconf 82' lang='lat' dir='ltr'>libro,</span> 
     </span>
     <span class='ocr_line' id='line_1_29' title="bbox 200 2468 1869 2540; baseline -0.005 -18"><span class='ocrx_word' id='word_1_224' title='bbox 200 2478 282 2522; x_wconf 85' lang='lat' dir='ltr'>tria</span> <span class='ocrx_word' id='word_1_225' title='bbox 308 2470 553 2521; x_wconf 80' lang='lat' dir='ltr'>necessario</span> <span class='ocrx_word' id='word_1_226' title='bbox 575 2482 619 2520; x_wconf 69' lang='grc' dir='ltr'>δε</span> <span class='ocrx_word' id='word_1_227' title='bbox 649 2470 871 2540; x_wconf 72' lang='lat' dir='ltr'>praecipue</span> <span class='ocrx_word' id='word_1_228' title='bbox 898 2468 1171 2519; x_wconf 83' lang='lat' dir='ltr'>considerari</span> <span class='ocrx_word' id='word_1_229' title='bbox 1195 2474 1242 2516; x_wconf 87' lang='lat' dir='ltr'>in</span> <span class='ocrx_word' id='word_1_230' title='bbox 1275 2474 1404 2516; x_wconf 82' lang='lat' dir='ltr'>omni</span> <span class='ocrx_word' id='word_1_231' title='bbox 1439 2470 1722 2536; x_wconf 61' lang='lat' dir='ltr'>proiectione</span> <span class='ocrx_word' id='word_1_232' title='bbox 1741 2494 1752 2526; x_wconf 90' lang='lat'>-,</span> <span class='ocrx_word' id='word_1_233' title='bbox 1771 2484 1869 2522; x_wconf 82' lang='lat' dir='ltr'>rem</span> 
     </span>
     <span class='ocr_line' id='line_1_30' title="bbox 200 2533 1873 2609; baseline -0.003 -19"><span class='ocrx_word' id='word_1_234' title='bbox 200 2539 369 2591; x_wconf 88' lang='lat' dir='ltr'>scilicet</span> <span class='ocrx_word' id='word_1_235' title='bbox 383 2546 510 2589; x_wconf 83' lang='lat' dir='ltr'>cuius</span> <span class='ocrx_word' id='word_1_236' title='bbox 529 2544 751 2609; x_wconf 64' lang='lat' dir='ltr'>proiecstio</span> <span class='ocrx_word' id='word_1_237' title='bbox 771 2560 817 2589; x_wconf 89' lang='lat' dir='ltr'>re</span> <span class='ocrx_word' id='word_1_238' title='bbox 857 2544 1043 2599; x_wconf 87' lang='lat' dir='ltr'>uiritur·,</span> <span class='ocrx_word' id='word_1_239' title='bbox 1064 2536 1253 2587; x_wconf 87' lang='lat' dir='ltr'>oculum</span> <span class='ocrx_word' id='word_1_240' title='bbox 1279 2533 1424 2606; x_wconf 84' lang='lat' dir='ltr'>ipsum</span> <span class='ocrx_word' id='word_1_241' title='bbox 1444 2546 1496 2583; x_wconf 81' lang='lat' dir='ltr'>ex</span> <span class='ocrx_word' id='word_1_242' title='bbox 1517 2554 1613 2604; x_wconf 90' lang='lat' dir='ltr'>quo</span> <span class='ocrx_word' id='word_1_243' title='bbox 1634 2535 1691 2585; x_wconf 88' lang='lat' dir='ltr'>ad</span> <span class='ocrx_word' id='word_1_244' title='bbox 1711 2542 1873 2587; x_wconf 73' lang='lat' dir='ltr'>ornnes</span> 
     </span>
     <span class='ocr_line' id='line_1_31' title="bbox 199 2557 1875 2679; baseline -0.004 -21"><span class='ocrx_word' id='word_1_245' title='bbox 199 2616 264 2659; x_wconf 88' lang='lat' dir='ltr'>rei</span> <span class='ocrx_word' id='word_1_246' title='bbox 282 2611 571 2679; x_wconf 81' lang='lat' dir='ltr'>proiiciendae</span> <span class='ocrx_word' id='word_1_247' title='bbox 597 2626 744 2678; x_wconf 85' lang='lat' dir='ltr'>partes</span> <span class='ocrx_word' id='word_1_248' title='bbox 770 2557 883 2657; x_wconf 55' lang='lat' dir='ltr'>radii</span> <span class='ocrx_word' id='word_1_249' title='bbox 906 2612 1051 2676; x_wconf 58' lang='lat' dir='ltr'>opsici</span> <span class='ocrx_word' id='word_1_250' title='bbox 1077 2612 1296 2668; x_wconf 79' lang='lat' dir='ltr'>emicant,</span> <span class='ocrx_word' id='word_1_251' title='bbox 1316 2603 1409 2654; x_wconf 85' lang='lat' dir='ltr'>siue</span> <span class='ocrx_word' id='word_1_252' title='bbox 1438 2604 1497 2653; x_wconf 88' lang='lat' dir='ltr'>ad</span> <span class='ocrx_word' id='word_1_253' title='bbox 1522 2615 1665 2673; x_wconf 77' lang='lat' dir='ltr'>vquern</span> <span class='ocrx_word' id='word_1_254' title='bbox 1691 2604 1714 2654; x_wconf 74' lang='grc' dir='ltr'>ἐ</span> <span class='ocrx_word' id='word_1_255' title='bbox 1739 2601 1875 2662; x_wconf 79' lang='lat' dir='ltr'>rebus</span> 
     </span>
     <span class='ocr_line' id='line_1_32' title="bbox 201 2669 1875 2748; baseline -0.002 -21"><span class='ocrx_word' id='word_1_256' title='bbox 201 2678 304 2746; x_wconf 85' lang='lat' dir='ltr'>ipsis</span> <span class='ocrx_word' id='word_1_257' title='bbox 329 2677 581 2748; x_wconf 76' lang='lat' dir='ltr'>specierum</span> <span class='ocrx_word' id='word_1_258' title='bbox 608 2678 720 2725; x_wconf 88' lang='lat' dir='ltr'>radii</span> <span class='ocrx_word' id='word_1_259' title='bbox 745 2691 1019 2746; x_wconf 78' lang='lat' dir='ltr'>promanant</span> <span class='ocrx_word' id='word_1_260' title='bbox 1038 2705 1049 2737; x_wconf 90' lang='lat'>·,</span> <span class='ocrx_word' id='word_1_261' title='bbox 1070 2676 1238 2725; x_wconf 90' lang='lat' dir='ltr'>deinde</span> <span class='ocrx_word' id='word_1_262' title='bbox 1268 2674 1456 2745; x_wconf 80' lang='lat' dir='ltr'>planum</span> <span class='ocrx_word' id='word_1_263' title='bbox 1478 2678 1525 2722; x_wconf 88' lang='lat' dir='ltr'>in</span> <span class='ocrx_word' id='word_1_264' title='bbox 1553 2674 1683 2742; x_wconf 88' lang='lat' dir='ltr'>quod</span> <span class='ocrx_word' id='word_1_265' title='bbox 1699 2683 1766 2722; x_wconf 84' lang='lat' dir='ltr'>res</span> <span class='ocrx_word' id='word_1_266' title='bbox 1783 2669 1875 2739; x_wconf 61' lang='lat' dir='ltr'>ipsa</span> 
     </span>
     <span class='ocr_line' id='line_1_33' title="bbox 202 2741 1874 2817; baseline -0.001 -26"><span class='ocrx_word' id='word_1_267' title='bbox 202 2767 284 2817; x_wconf 65' lang='lat' dir='ltr'>per</span> <span class='ocrx_word' id='word_1_268' title='bbox 302 2748 533 2795; x_wconf 84' lang='lat' dir='ltr'>radiorum</span> <span class='ocrx_word' id='word_1_269' title='bbox 552 2746 906 2816; x_wconf 59' lang='lat' dir='ltr'>productionem</span> <span class='ocrx_word' id='word_1_270' title='bbox 927 2744 1237 2796; x_wconf 84' lang='lat' dir='ltr'>transcribitur</span> <span class='ocrx_word' id='word_1_271' title='bbox 1258 2760 1267 2793; x_wconf 71' lang='grc' dir='ltr'>ε</span> <span class='ocrx_word' id='word_1_272' title='bbox 1288 2749 1323 2793; x_wconf 86' lang='lat' dir='ltr'><strong>E</strong></span> <span class='ocrx_word' id='word_1_273' title='bbox 1343 2743 1488 2793; x_wconf 85' lang='lat' dir='ltr'>tribus</span> <span class='ocrx_word' id='word_1_274' title='bbox 1505 2760 1660 2792; x_wconf 89' lang='lat' dir='ltr'>autem</span> <span class='ocrx_word' id='word_1_275' title='bbox 1673 2742 1757 2791; x_wconf 84' lang='lat' dir='ltr'>illis</span> <span class='ocrx_word' id='word_1_276' title='bbox 1781 2741 1874 2791; x_wconf 87' lang='lat' dir='ltr'>duo</span> 
     </span>
     <span class='ocr_line' id='line_1_34' title="bbox 202 2813 1875 2883; baseline -0.004 -19"><span class='ocrx_word' id='word_1_277' title='bbox 202 2817 438 2864; x_wconf 79' lang='lat' dir='ltr'>dumtaxat</span> <span class='ocrx_word' id='word_1_278' title='bbox 456 2857 470 2877; x_wconf 90' lang='lat'>,</span> <span class='ocrx_word' id='word_1_279' title='bbox 493 2835 561 2864; x_wconf 87' lang='lat' dir='ltr'>res</span> <span class='ocrx_word' id='word_1_280' title='bbox 589 2814 803 2864; x_wconf 88' lang='lat' dir='ltr'>videlicet</span> <span class='ocrx_word' id='word_1_281' title='bbox 831 2826 874 2865; x_wconf 86' lang='lat'>&amp;</span> <span class='ocrx_word' id='word_1_282' title='bbox 906 2814 1094 2883; x_wconf 85' lang='lat' dir='ltr'>planum</span> <span class='ocrx_word' id='word_1_283' title='bbox 1127 2813 1318 2862; x_wconf 84' lang='lat' dir='ltr'>subinde</span> <span class='ocrx_word' id='word_1_284' title='bbox 1353 2813 1565 2861; x_wconf 80' lang='lat' dir='ltr'>ordinem</span> <span class='ocrx_word' id='word_1_285' title='bbox 1599 2822 1875 2879; x_wconf 85' lang='lat' dir='ltr'>permutant,</span> 
     </span>
     <span class='ocr_line' id='line_1_35' title="bbox 203 2877 1874 2954; baseline -0.004 -21"><span class='ocrx_word' id='word_1_286' title='bbox 203 2904 405 2954; x_wconf 88' lang='lat' dir='ltr'>namque</span> <span class='ocrx_word' id='word_1_287' title='bbox 424 2885 656 2933; x_wconf 89' lang='lat' dir='ltr'>interdum</span> <span class='ocrx_word' id='word_1_288' title='bbox 673 2902 741 2932; x_wconf 87' lang='lat' dir='ltr'>res</span> <span class='ocrx_word' id='word_1_289' title='bbox 754 2925 766 2945; x_wconf 94' lang='lat'>,</span> <span class='ocrx_word' id='word_1_290' title='bbox 780 2883 885 2933; x_wconf 66' lang='lat' dir='ltr'>alias</span> <span class='ocrx_word' id='word_1_291' title='bbox 912 2883 1102 2951; x_wconf 88' lang='lat' dir='ltr'>planum</span> <span class='ocrx_word' id='word_1_292' title='bbox 1122 2881 1214 2931; x_wconf 84' lang='lat' dir='ltr'>siue</span> <span class='ocrx_word' id='word_1_293' title='bbox 1235 2880 1371 2931; x_wconf 60' lang='lat' dir='ltr'>sectio</span> <span class='ocrx_word' id='word_1_294' title='bbox 1389 2882 1595 2929; x_wconf 81' lang='lat' dir='ltr'>medium</span> <span class='ocrx_word' id='word_1_295' title='bbox 1612 2878 1797 2928; x_wconf 89' lang='lat' dir='ltr'>obtinet</span> <span class='ocrx_word' id='word_1_296' title='bbox 1814 2877 1874 2927; x_wconf 93' lang='lat' dir='ltr'>lo-</span> 
     </span>
     <span class='ocr_line' id='line_1_36' title="bbox 205 2948 1874 3021; baseline -0.004 -19"><span class='ocrx_word' id='word_1_297' title='bbox 205 2973 312 3003; x_wconf 91' lang='lat' dir='ltr'>cum</span> <span class='ocrx_word' id='word_1_298' title='bbox 334 2981 345 3013; x_wconf 88' lang='lat'>·,</span> <span class='ocrx_word' id='word_1_299' title='bbox 364 2973 409 3002; x_wconf 89' lang='lat' dir='ltr'>at</span> <span class='ocrx_word' id='word_1_300' title='bbox 426 2953 587 3002; x_wconf 88' lang='lat' dir='ltr'>oculus</span> <span class='ocrx_word' id='word_1_301' title='bbox 612 2950 787 3021; x_wconf 86' lang='lat' dir='ltr'>semper</span> <span class='ocrx_word' id='word_1_302' title='bbox 806 2950 1224 3021; x_wconf 83' lang='lat' dir='ltr'>extremum,quod</span> <span class='ocrx_word' id='word_1_303' title='bbox 1245 2950 1405 3000; x_wconf 85' lang='lat' dir='ltr'>oculus</span> <span class='ocrx_word' id='word_1_304' title='bbox 1428 2948 1481 2998; x_wconf 82' lang='lat' dir='ltr'>fit</span> <span class='ocrx_word' id='word_1_305' title='bbox 1498 2953 1710 2998; x_wconf 89' lang='lat' dir='ltr'>omnium</span> <span class='ocrx_word' id='word_1_306' title='bbox 1728 2948 1874 2997; x_wconf 47' lang='lat' dir='ltr'>radio*</span> 
     </span>
     <span class='ocr_line' id='line_1_37' title="bbox 204 3015 1873 3091; baseline -0.005 -19"><span class='ocrx_word' id='word_1_307' title='bbox 204 3042 306 3072; x_wconf 87' lang='lat' dir='ltr'>rum</span> <span class='ocrx_word' id='word_1_308' title='bbox 326 3027 470 3091; x_wconf 87' lang='lat' dir='ltr'>princi</span> <span class='ocrx_word' id='word_1_309' title='bbox 505 3027 601 3071; x_wconf 90' lang='lat' dir='ltr'>ium</span> <span class='ocrx_word' id='word_1_310' title='bbox 622 3026 670 3069; x_wconf 92' lang='lat' dir='ltr'>in</span> <span class='ocrx_word' id='word_1_311' title='bbox 689 3040 842 3091; x_wconf 88' lang='lat' dir='ltr'>eoque</span> <span class='ocrx_word' id='word_1_312' title='bbox 862 3018 1077 3071; x_wconf 74' lang='lat' dir='ltr'>consistat</span> <span class='ocrx_word' id='word_1_313' title='bbox 1094 3031 1247 3069; x_wconf 81' lang='lat' dir='ltr'>vertex</span> <span class='ocrx_word' id='word_1_314' title='bbox 1276 3018 1521 3089; x_wconf 84' lang='lat' dir='ltr'>pyramidis</span> <span class='ocrx_word' id='word_1_315' title='bbox 1552 3038 1581 3066; x_wconf 97' lang='lat' dir='ltr'>o</span> <span class='ocrx_word' id='word_1_316' title='bbox 1617 3021 1715 3066; x_wconf 84' lang='lat' dir='ltr'>ticae</span> <span class='ocrx_word' id='word_1_317' title='bbox 1728 3058 1739 3077; x_wconf 90' lang='lat'>‚</span> <span class='ocrx_word' id='word_1_318' title='bbox 1753 3015 1873 3065; x_wconf 78' lang='lat' dir='ltr'>vnde</span> 
     </span>
     <span class='ocr_line' id='line_1_38' title="bbox 206 3036 1873 3161; baseline -0.006 -20"><span class='ocrx_word' id='word_1_319' title='bbox 206 3093 282 3142; x_wconf 86' lang='lat' dir='ltr'>illa</span> <span class='ocrx_word' id='word_1_320' title='bbox 299 3092 422 3140; x_wconf 86' lang='lat' dir='ltr'>velut</span> <span class='ocrx_word' id='word_1_321' title='bbox 439 3041 505 3140; x_wconf 56' lang='lat' dir='ltr'>ag·</span> <span class='ocrx_word' id='word_1_322' title='bbox 518 3095 700 3161; x_wconf 85' lang='lat' dir='ltr'>origine</span> <span class='ocrx_word' id='word_1_323' title='bbox 718 3090 1004 3160; x_wconf 89' lang='lat' dir='ltr'>quandoque</span> <span class='ocrx_word' id='word_1_324' title='bbox 1031 3109 1111 3159; x_wconf 91' lang='lat' dir='ltr'>per</span> <span class='ocrx_word' id='word_1_325' title='bbox 1132 3088 1320 3159; x_wconf 88' lang='lat' dir='ltr'>planum</span> <span class='ocrx_word' id='word_1_326' title='bbox 1339 3088 1398 3136; x_wconf 92' lang='lat' dir='ltr'>ad</span> <span class='ocrx_word' id='word_1_327' title='bbox 1423 3106 1520 3138; x_wconf 88' lang='lat' dir='ltr'>rem</span> <span class='ocrx_word' id='word_1_328' title='bbox 1546 3036 1684 3155; x_wconf 50' lang='lat' dir='ltr'>vsglue</span> <span class='ocrx_word' id='word_1_329' title='bbox 1696 3126 1709 3145; x_wconf 93' lang='lat'>,</span> <span class='ocrx_word' id='word_1_330' title='bbox 1729 3101 1873 3153; x_wconf 60' lang='lat' dir='ltr'>quan«</span> 
     </span>
     <span class='ocr_line' id='line_1_39' title="bbox 207 3150 1875 3229; baseline -0.004 -19"><span class='ocrx_word' id='word_1_331' title='bbox 207 3162 364 3229; x_wconf 88' lang='lat' dir='ltr'>doque</span> <span class='ocrx_word' id='word_1_332' title='bbox 386 3179 494 3210; x_wconf 87' lang='lat' dir='ltr'>vero</span> <span class='ocrx_word' id='word_1_333' title='bbox 524 3176 605 3229; x_wconf 89' lang='lat' dir='ltr'>per</span> <span class='ocrx_word' id='word_1_334' title='bbox 624 3178 722 3208; x_wconf 88' lang='lat' dir='ltr'>rem</span> <span class='ocrx_word' id='word_1_335' title='bbox 737 3158 794 3206; x_wconf 88' lang='lat' dir='ltr'>ad</span> <span class='ocrx_word' id='word_1_336' title='bbox 815 3156 961 3227; x_wconf 82' lang='lat' dir='ltr'>ipsum</span> <span class='ocrx_word' id='word_1_337' title='bbox 989 3158 1178 3228; x_wconf 84' lang='lat' dir='ltr'>planum</span> <span class='ocrx_word' id='word_1_338' title='bbox 1203 3158 1492 3227; x_wconf 81' lang='lat' dir='ltr'>protenditur</span> <span class='ocrx_word' id='word_1_339' title='bbox 1520 3166 1563 3206; x_wconf 65' lang='grc' dir='ltr'>ὃς</span> <span class='ocrx_word' id='word_1_340' title='bbox 1590 3151 1733 3203; x_wconf 79' lang='lat' dir='ltr'>basim</span> <span class='ocrx_word' id='word_1_341' title='bbox 1750 3150 1875 3203; x_wconf 79' lang='lat' dir='ltr'>suam</span> 
     </span>
     <span class='ocr_line' id='line_1_40' title="bbox 207 3223 1876 3297; baseline -0.007 -18"><span class='ocrx_word' id='word_1_342' title='bbox 207 3230 419 3279; x_wconf 90' lang='lat' dir='ltr'>collocat.</span> <span class='ocrx_word' id='word_1_343' title='bbox 456 3232 513 3278; x_wconf 89' lang='lat' dir='ltr'>Et</span> <span class='ocrx_word' id='word_1_344' title='bbox 529 3232 867 3297; x_wconf 86' lang='lat' dir='ltr'>ver0,quamuis</span> <span class='ocrx_word' id='word_1_345' title='bbox 889 3232 936 3273; x_wconf 88' lang='lat' dir='ltr'>in</span> <span class='ocrx_word' id='word_1_346' title='bbox 953 3227 1171 3276; x_wconf 84' lang='lat' dir='ltr'>omnibus</span> <span class='ocrx_word' id='word_1_347' title='bbox 1199 3226 1491 3295; x_wconf 77' lang='lat' dir='ltr'>praecedentis</span> <span class='ocrx_word' id='word_1_348' title='bbox 1514 3223 1618 3273; x_wconf 80' lang='lat' dir='ltr'>libri</span> <span class='ocrx_word' id='word_1_349' title='bbox 1640 3225 1876 3291; x_wconf 73' lang='lat' dir='ltr'>proiefflo-</span> 
     </span>
     <span class='ocr_line' id='line_1_41' title="bbox 209 3288 1874 3364; baseline -0.006 -18"><span class='ocrx_word' id='word_1_350' title='bbox 209 3298 344 3348; x_wconf 88' lang='lat' dir='ltr'>nibus</span> <span class='ocrx_word' id='word_1_351' title='bbox 362 3316 469 3348; x_wconf 90' lang='lat' dir='ltr'>eum</span> <span class='ocrx_word' id='word_1_352' title='bbox 494 3295 631 3346; x_wconf 77' lang='lat' dir='ltr'>{itum</span> <span class='ocrx_word' id='word_1_353' title='bbox 662 3300 981 3345; x_wconf 88' lang='lat' dir='ltr'>retinuerimus</span> <span class='ocrx_word' id='word_1_354' title='bbox 1008 3301 1089 3364; x_wconf 93' lang='lat' dir='ltr'>qui</span> <span class='ocrx_word' id='word_1_355' title='bbox 1121 3301 1239 3344; x_wconf 88' lang='lat' dir='ltr'>inter</span> <span class='ocrx_word' id='word_1_356' title='bbox 1278 3314 1375 3344; x_wconf 87' lang='lat' dir='ltr'>rem</span> <span class='ocrx_word' id='word_1_357' title='bbox 1396 3305 1439 3345; x_wconf 86' lang='lat'>&amp;</span> <span class='ocrx_word' id='word_1_358' title='bbox 1454 3291 1664 3350; x_wconf 89' lang='lat' dir='ltr'>oculum,</span> <span class='ocrx_word' id='word_1_359' title='bbox 1687 3288 1874 3361; x_wconf 83' lang='lat' dir='ltr'>planum</span> 
     </span>
     <span class='ocr_line' id='line_1_42' title="bbox 210 3352 1874 3429; baseline -0.007 -13"><span class='ocrx_word' id='word_1_360' title='bbox 210 3367 417 3417; x_wconf 79' lang='lat' dir='ltr'>medium</span> <span class='ocrx_word' id='word_1_361' title='bbox 432 3365 654 3429; x_wconf 83' lang='lat' dir='ltr'>collocat,</span> <span class='ocrx_word' id='word_1_362' title='bbox 676 3363 1035 3414; x_wconf 83' lang='lat' dir='ltr'>abstrahendum</span> <span class='ocrx_word' id='word_1_363' title='bbox 1051 3382 1206 3414; x_wconf 82' lang='lat' dir='ltr'>tamen</span> <span class='ocrx_word' id='word_1_364' title='bbox 1226 3361 1459 3413; x_wconf 80' lang='lat' dir='ltr'>censemus</span> <span class='ocrx_word' id='word_1_365' title='bbox 1478 3371 1522 3414; x_wconf 63' lang='grc' dir='ltr'>ὃς</span> <span class='ocrx_word' id='word_1_366' title='bbox 1551 3352 1666 3408; x_wconf 85' lang='lat' dir='ltr'>nihil</span> <span class='ocrx_word' id='word_1_367' title='bbox 1696 3363 1874 3429; x_wconf 77' lang='lat' dir='ltr'>penitus-</span> 
     </span>
    </p>
   </div>
   <div class='ocr_carea' id='block_1_6' title="bbox 1581 3429 1700 3499">
    <p class='ocr_par' dir='ltr' id='par_1_7' title="bbox 1581 3429 1700 3499">
     <span class='ocr_line' id='line_1_43' title="bbox 1581 3429 1700 3499; baseline 0 -9"><span class='ocrx_word' id='word_1_368' title='bbox 1581 3429 1700 3499; x_wconf 68' lang='lat' dir='ltr'>Q</span> 
     </span>
    </p>
   </div>
  </div>
 </body>
</html>
