2498 3898
630 241 693 294 138
915 227 1944 278 THAVMATVRGIOPTICI

633 319 735 349 rum
756 296 879 347 orbis
908 301 1213 366 proieoturam
1234 338 1247 358 ,
1273 294 1307 344 si
1332 302 1474 345 acutis
1504 295 1648 366 polles
1677 296 1848 356 oeulis,
1869 295 1954 343 tibi
1984 296 2119 344 liceat
2134 294 2310 365 prospi-

635 389 756 420 cere.
918 419 921 421 ,
1778 421 1780 423 ,
1912 401 1918 406 ·

704 438 794 489 Sed
819 439 1169 485 conuenientius
1195 423 1302 481 me'o
1322 431 1515 492 iudicio,
1536 442 1580 481 ὃς
1604 436 1749 500 aptius
1786 433 1930 500 poffet
1956 434 2139 482 istarum
2166 440 2315 503 proie-

637 511 844 558 ‹stionum
870 508 1012 571 praxis
1041 504 1211 551 institui
1239 498 1450 550 adhibita.
1467 496 1617 549 facula
1640 498 1714 548 seu
1743 499 1832 548 alio
1863 500 2091 551 luminoso
2120 501 2232 551 iuste
2257 503 2317 551 ad

638 576 998 625 determinatum
1026 571 1150 620 oculi
1182 574 1406 638 punstum
1429 570 1705 630 constituto,
1721 568 1842 618 vnde
1871 571 1980 633 radij
2009 589 2087 639 per
2105 569 2319 641 opposita

636 649 816 715 punitae
844 646 1057 709 imaginis
1084 636 1311 688 foramina
1336 635 1507 706 delapsi
1524 680 1536 700 ,
1567 642 1900 707 proiecffionem
1925 638 2041 688 illius
2072 644 2120 688 in
2150 639 2319 708 exposi-

637 731 737 763 tum
756 710 944 781 planum
969 706 1304 779 consignarent.
1364 706 1579 756 Similiter
1595 718 1639 756 &
1658 707 1809 775 potest
1826 708 1873 755 id
1898 708 2116 778 organice
2139 707 2237 756 fieri
2257 709 2315 757 ab

639 801 695 831 eo
715 786 796 849 qui
815 796 941 829 certo
971 788 1015 829 δε
1043 778 1348 825 determinato
1375 773 1482 823 loco
1505 777 1779 825 constitutus
1805 777 1982 825 radium
1999 777 2198 827 habebit
2226 775 2313 825 ob-

638 851 835 918 longum
852 889 865 910 ,
888 851 1014 897 cuius
1045 850 1318 895 extremitati
1345 843 1509 892 haereat
1538 844 1773 893 adstristus
1799 843 1939 893 carbo
1960 874 1972 906 ·,
1993 865 2103 896 tunc
2123 852 2248 895 enim
2263 845 2316 895 fi-

636 938 745 968 xum
766 924 1108 984 immotumque
1129 932 1289 962 tenens
1308 912 1520 975 oculum,
1539 910 1859 981 cuiuscunque
1887 920 1951 962 rei
1978 915 2216 984 proposita:
2244 935 2317 964 ru-

637 989 745 1037 dem
766 991 965 1056 ptimum
987 984 1346 1032 delineationem
1364 987 1597 1051 imprimet
1613 989 1661 1031 in
1681 983 1789 1030 dato
1810 982 1972 1052 plano,
1992 1002 2220 1052 quantum
2240 1004 2318 1052 po-

642 1063 747 1106 terit
771 1056 919 1104 radius
940 1045 991 1102 'se
1017 1051 1261 1102 extendere
1282 1092 1294 1112 ,
1320 1055 1395 1100 cui
1420 1051 1719 1102 delineationi
1744 1049 1779 1098 si
1805 1053 2083 1120 postremam
2114 1072 2318 1122 apponat

636 1143 829 1175 manum
846 1134 889 1174 δε
906 1122 1083 1172 colores
1104 1119 1559 1182 i·nducat,videbitur
1574 1119 1676 1170 sane
1695 1117 1897 1189 perfecita
1914 1134 1956 1173 ὃς
1975 1122 2240 1188 symmetriae
2259 1123 2317 1170 le-

637 1192 774 1265 gibus
795 1191 928 1262 plane
946 1190 1260 1251 consentiens,
1280 1187 1525 1258 conspee'ta
1540 1190 1754 1239 videlicet
1776 1207 1828 1237 ex
1848 1197 2020 1258 puncsto
2040 1192 2316 1240 determina„

638 1283 688 1313 to
703 1305 715 1324 ,
734 1266 944 1333 quamuis
964 1260 1148 1310 aliunde
1166 1277 1265 1307 non
1283 1256 1366 1307 nisi.
1400 1261 1638 1309 incondita
1667 1259 1887 1308 linearum
1914 1272 1955 1311 &
1986 1259 2194 1310 colorum
2219 1279 2321 1328 per„

639 1337 799 1381 mixtio
815 1328 922 1380 visui
942 1327 982 1377 se
1004 1330 1192 1379 offerat:
1214 1326 1510 1395 supponimus
1540 1327 1714 1396 semper
1743 1331 1913 1395 pund‘ta
1933 1328 2047 1378 visus
2081 1339 2124 1379 ὃ(
2150 1329 2316 1377 distan-

638 1407 707 1450 tiae
735 1401 794 1448 ad
820 1399 1154 1467 acquirendum
1178 1394 1323 1444 finem
1350 1401 1582 1445 intentum
1608 1394 1828 1464 proposui
1855 1398 2043 1448 effeetus
2076 1396 2183 1466 apt&
2219 1395 2316 1446 col„

637 1469 788 1519 locari.

904 1608 1547 1658 COROLLARIVM
1619 1604 2034 1665 QVINTVM.

636 1746 874 1872 POtest
893 1753 1031 1798 etiam
1051 1745 1311 1796 huiusmodi
1330 1751 1626 1815 proiestionis
1637 1743 1881 1796 artificium
1900 1763 1996 1794 non
2013 1746 2253 1797 incondite
2268 1741 2317 1798 iri

736 1814 945 1887 apposito
975 1813 1159 1885 speculo
1191 1815 1424 1877 exhiberi,
1452 1811 1528 1863 sed
1554 1833 1613 1863 ne
1640 1816 1746 1865 huic
1771 1821 1921 1884 primae
1947 1812 2138 1884 suscepti
2164 1824 2316 1886 operis

638 1893 755 1957 parti
773 1887 1044 1936 constitutos
1065 1886 1243 1934 dii·ectae
1262 1883 1444 1934 vifionis
1467 1889 1686 1934 terminos
1703 1885 2012 1953 egrediamur,
2025 1883 2183 1936 haec'&
2203 1903 2320 1954 quae-

639 1974 826 2025 cunque
844 1954 930 2005 alia
949 1955 1008 2004 ad
1025 1953 1244 2003 reflexum
1261 1972 1339 2002 aut
1364 1949 1611 2003 refradtum
1637 1955 1815 2003 radium
1840 1957 2071 2024 pertinent
2091 1995 2106 2015 ,
2130 1959 2178 2004 in
2206 1954 2318 2004 alte-

636 2046 732 2076 ram
753 2025 1066 2074 amandamus.
2318 2041 2322 2045 -

703 2093 858 2144 Multa
876 2093 1109 2155 alia,meo
1129 2093 1300 2142 iudicio
1330 2092 1480 2141 adhuc
1512 2089 1742 2161 supersunt
1772 2095 1892 2141 circa
1923 2091 2184 2160 praesentem
2213 2094 2317 2143 ista-‘1

643 2184 744 2215 rum
761 2168 1100 2234 proiecstionum
1128 2170 1448 2223 τωξῃμαπὲδψ,
1464 2159 1794 2210 consideranda
1823 2171 1868 2210 &
1892 2162 2158 2211 annotanda
2174 2203 2187 2223 ,
2212 2182 2251 2211 v.
2271 2182 2315 2233 g.

641 2233 884 2304 quomodo
907 2233 1009 2302 post
1024 2228 1194 2280 faCtam
1215 2237 1409 2301 primam
1427 2250 1456 2278 o
1494 2235 1577 2279 eris
1587 2227 1955 2299 designationem
1972 2229 2046 2279 seu
2061 2232 2316 2301 diagraphia

639 2323 694 2353 ca
722 2306 986 2374 proie‘ssturae
1011 2301 1290 2350 lineamenta
1314 2305 1421 2349 varii
1443 2248 1532 2348 ἔπιε
1557 2299 1809 2347 inducendi
1833 2298 2011 2348 colores
2037 2328 2048 2361 3
2072 2300 2316 2369 quomodo

639 2378 688 2421 in
702 2370 872 2420 vmbris
892 2382 936 2421 δε
951 2369 1194 2419 receffibus
1217 2369 1505 2438 operandum
1522 2395 1532 2429 3
1549 2369 1631 2437 qui
1651 2365 1853 2417 debeant
1870 2374 2175 2418 eminentiora
2193 2387 2316 2439 quae-

641 2441 768 2501 dam,
787 2440 872 2488 3113
892 2441 1147 2489 Γεάηᾶῌοῑει
1165 2444 1377 2508 exprimi,
1390 2438 1600 2507 quaedam
1619 2435 1789 2498 attolli,
1808 2438 2018 2505 quaedam
2037 2437 2312 2498 adumbrari;

640 2529 688 2559 vt
741 2529 791 2557 ro
809 2508 982 2557 diuersa
1009 2513 1206 2577 partium
1235 2506 1294 2555 ab
1323 2506 1461 2557 oculo
1490 2505 1788 2573 elongatione
1815 2505 1993 2554 colores
2020 2504 2314 2574 splendiores,

642 2529 893 2627 adliibendi
918 2605 928 2635 -,
952 2595 1000 2624 vt
1029 2581 1175 2624 maior
1203 2575 1274 2624 vel
1305 2581 1458 2624 minor
1486 2572 1747 2623 inducenda
1774 2578 1975 2642 opacitas
2002 2603 2012 2634 3
2045 2592 2223 2624 certum
2251 2576 2317 2624 est

642 2650 768 2695 enim
782 2645 1260 2694 melius&distin<stius
1275 2645 1416 2692 videri
1432 2662 1530 2713 quae
1547 2647 1594 2690 in
1612 2638 1698 2689 situ
1717 2642 2180 2694 directiorivident'uiss
2202 2662 2316 2692 con-

640 2711 779 2765 fufius
795 2732 949 2763 autem
972 2732 1071 2783 qua:
1087 2719 1135 2761 in
1151 2711 1428 2783 obliquiori,
1453 2712 1584 2782 quod
1607 2708 1686 2759 sub
1714 2712 1892 2781 angulis
1919 2711 2126 2782 obliquis
2150 2722 2196 2762 δε
2224 2710 2315 2761 sca-

642 2783 754 2832 lenis
777 2781 1011 2853 triangulis
1029 2781 1199 2831 visoriis
1216 2781 1498 2851 inaequaliter
1514 2798 1761 2850 appareant
1777 2799 1926 2849 partes
1942 2786 2005 2830 rei
2028 2779 2124 2830 visae
2136 2822 2149 2843 ,
2166 2800 2313 2830 remo-

645 2857 784 2901 tiores
806 2849 974 2901 scilicet
991 2851 1151 2921 aliquae
1171 2862 1215 2901 &
1231 2852 1497 2900 indistincstae
1514 2855 1660 2920 magis
1676 2847 1781 2900 5sub
1802 2850 1980 2900 direcfihs
1998 2868 2151 2899 autem
2170 2866 2316 2919 angu-

644 2921 697 2970 lis
717 2931 761 2970 &
790 2918 1051 2994 {loscelibus
1080 2919 1314 2990 triangulis
1345 2918 1514 2969 visoriis
1531 2961 1544 2981 ,
1572 2917 1804 2987 aequaliter
1828 2920 2041 2970 distantes
2070 2918 2179 2968 hinc
2207 2919 2317 2967 inde

646 2996 768 3039 circa
779 3008 909 3038 axem
926 2995 1136 3058 opticum
1155 2988 1517 3049 videntur-‚vnde
1537 2987 1606 3036 isti
1622 2986 1800 3035 videtur
1813 2988 2117 3040 incommodo
2138 2986 2316 3037 succur-

649 3058 844 3109 rendum
869 3076 956 3107 nec
981 3077 1075 3106 non
1105 3056 1408 3126 supplendum
1432 3077 1484 3105 ex
1513 3061 1695 3126 pieturae
1733 3055 1914 3127 legibus
1941 3067 1986 3107 &
2006 3057 2174 3106 idonea
2188 3054 2317 3104 colo-

650 3146 750 3176 rum
768 3146 957 3197 armoge
980 3132 1071 3187 ,ita
1085 3144 1132 3175 vt
1147 3144 1244 3174 non
1262 3123 1474 3174 obstante
1510 3124 1666 3195 anguli
1693 3123 1841 3174 visorii
1869 3134 1917 3177 in
1941 3131 2070 3175 variis
2097 3122 2316 3195 partibus,

652 3195 825 3246 diuersa
848 3195 1147 3266 obliquitate,
1168 3199 1458 3265 partiumque
1485 3192 1680 3263 ipsarum
1712 3199 1875 3246 maiori
1895 3196 1969 3247 vel
1992 3199 2161 3243 minori
2185 3191 2313 3240 elon-

651 3270 836 3330 gatione
845 3308 857 3328 ,
868 3269 1141 3334 proiecsturai
1145 3261 1220 3332 psa
1231 3262 1447 3312 omnibus
1459 3269 1659 3313 numeris
1669 3261 1729 3311 ab
1740 3261 2074 3328 absolutascad
2083 3268 2313 3311 intentum
