2498 3898
596 235 648 272 88
911 225 1578 274 THAVMATVRGI
1649 226 1967 291 OPTICI

1095 362 1782 413 COROLLARIVM.

727 505 766 549 X
787 499 871 547 hac
891 498 1227 546 construetione
1249 494 1448 568 sequitur
1465 502 1685 546 loannem
1712 495 1992 559 Coufinum,
2021 508 2064 547 δε
2097 501 2280 547 Samue-

601 501 811 639 Elem
836 563 1124 619 Marolesium
1145 567 1298 616 errasse
1317 567 1479 615 ambos
1504 571 1552 615 in
1580 564 1878 634 descriptione
1906 570 2037 617 huius
2062 571 2283 635 corporis,

602 646 711 690 dum
726 641 765 684 ei
783 654 864 703 pro
885 636 1216 705 orthographia
1238 636 1473 692 tribuunt,
1491 654 1604 685 vnus
1632 638 1812 706 quidem
1838 640 1929 689 duo
1956 639 2188 706 hexagoni
2212 636 2284 682 la-

606 727 699 757 tera
719 704 791 753 seu
810 706 1074 753 diametrum
1095 719 1323 774 integram
1341 708 1430 751 eius
1457 706 1630 764 circuli,
1648 713 1696 754 in
1717 724 1812 775 quo
1839 707 2147 778 icnographiae
2171 721 2286 772 pen-

604 792 776 847 tagona
803 774 1147 824 inscriberentur
1166 791 1176 825 ·‚
1203 772 1312 821 alter
1332 789 1464 833 vem,
1484 773 1647 822 seilicet
1672 777 1936 825 Marolesius
1956 780 2039 824 tria
2055 777 2285 843 octogoni

603 848 743 893 latera
761 846 904 892 eidem
931 842 1093 891 circulo
1127 838 1350 909 inscripti,
1379 841 1510 911 quod
1534 845 1724 912 quidem
1756 862 1906 912 aperte
1932 863 2029 892 non
2069 843 2287 901 declarat,

606 915 746 964 sedin
768 908 974 981 exposito
993 911 1318 980 diagrammate.
1335 907 1435 959 satis
1452 916 1663 980 exprimit
1687 917 1760 968 3in
1781 916 1871 964 hoc
1902 918 2094 982 inquam
2116 928 2290 960 certum

608 985 666 1032 est
686 982 840 1031 errasse
862 997 1130 1050 Vtrumque,
1146 977 1179 1027 si
1199 980 1386 1049 quidem
1403 1001 1454 1029 ex
1475 981 1618 1030 allatis
1636 979 1833 1049 superius
1853 981 2135 1032 concluditur
2154 999 2202 1027 ex
2219 993 2285 1028 16.

609 1053 713 1102 libri
733 1051 893 1100 decimi
913 1054 1031 1114 tertij
1055 1049 1192 1097 Elem.
1210 1048 1383 1097 Euclid.
1403 1050 1568 1098 lineam
1587 1048 1826 1119 oppositos
1854 1046 2074 1101 IcosaEdri
2099 1048 2291 1120 angulos

611 1124 968 1170 connetstentem
995 1123 1077 1169 vni
1103 1118 1332 1188 hexagoni
1358 1116 1514 1178 lateri,
1547 1129 1592 1169 &
1628 1121 1807 1169 duobus
1835 1123 2057 1190 decagoni
2080 1118 2291 1167 lateribus

614 1190 698 1239 effe
721 1191 958 1259 aequalem,
978 1187 1297 1255 inscriptorum
1321 1185 1484 1237 scilicet
1503 1191 1551 1236 in
1569 1189 1727 1238 codem
1749 1191 1940 1250 circulo,
1959 1196 2006 1237 in
2026 1206 2123 1258 quo
2144 1186 2295 1235 inscri-

615 1276 692 1328 pta
712 1259 818 1308 esset
838 1256 972 1327 ipsius
992 1258 1294 1326 icnographia
1313 1256 1491 1305 duobus
1511 1256 1721 1306 conclusa
1746 1262 2020 1328 pentagonis
2055 1257 2292 1326 aequilate-

615 1335 673 1377 ris
694 1337 738 1378 ὃς
763 1328 1063 1398 aequiangulis
1082 1335 1126 1374 &
1147 1330 1267 1374 inter
1281 1324 1324 1373 se
1346 1324 1595 1393 dispositis,
1619 1343 1666 1377 vt
1687 1329 1875 1376 diximus
1895 1327 2103 1395 superius.

771 1465 1265 1518 PROPOSITI
1298 1466 1343 1511 O
1398 1466 1765 1518 VIGESIMA
1821 1467 2152 1515 OCTAVA.

619 1608 801 1659 Modum
820 1605 977 1676 facilem
998 1609 1281 1673 assignare‚quo
1292 1601 1421 1675 fhlida
1434 1604 1603 1673 quedam
1620 1607 1809 1673 regularia
1833 1605 2029 1673 composita
2060 1618 2120 1661 (φ
2150 1607 2299 1671 irregu-

803 1678 903 1724 laria
914 1714 927 1735 ,
943 1693 1022 1744 quae
1040 1674 1067 1722 ἰι
1085 1671 1320 1741 regularibus
1335 1678 1517 1742 originem
1535 1671 1696 1721 trahunt
1707 1711 1720 1732 ‚
1730 1679 1868 1744 possint
1881 1674 2121 1745 izdpraescrij

1112 1761 1224 1814 ptum
1242 1748 1380 1814 optices
1395 1748 1434 1790 in
1452 1742 1586 1791 tabula
1604 1743 1799 1792 delineari.

703 1884 782 1938 Pse
808 1889 865 1936 est
885 1889 940 1934 de
963 1902 1057 1955 quo
1077 1882 1293 1934 nonnihil
1312 1884 1545 1951 attigimus
1565 1886 1624 1934 ad
1637 1878 2002 1953 propositionem
2025 1877 2306 1949 vigesimam-

629 1891 913 2028 Iquintam
932 1954 1058 2003 huius
1077 1955 1207 2011 libri,
1225 1971 1326 2001 cum
1343 1951 1398 1999 de
1417 1951 1536 2000 cubo
1559 1951 1684 2022 supet
1699 1971 1797 2005 vno
1821 1952 2002 2000 suorum
2032 1948 2307 2020 angulorum

626 2024 1058 2097 perpendiculariter
1079 2023 1329 2071 constituto
1347 2038 1599 2090 ageremuS,
1620 2040 1671 2071 vt
1687 2025 1902 2071 nimirum
1925 2020 2177 2069 difficiliora
2198 2016 2310 2066 faci-

629 2094 818 2146 lioribus
835 2091 1130 2143 'inscribantur
1150 2090 1220 2140 vel
1241 2108 1317 2158 per
1332 2092 1498 2138 horum
1515 2095 1563 2138 in
1581 2092 1655 2139 illa
1664 2088 2065 2157 metamorphosim
2078 2085 2145 2136 seu
2156 2103 2304 2134 trans-

631 2166 974 2217 formationem.

701 2232 1010 2300 Superioribus
1033 2235 1238 2299 quinque
1262 2225 1657 2297 propositionibus
1683 2230 1938 2277 immediate
1964 2225 2311 2295 praecedentibtis

635 2303 955 2370 descriptiones
975 2299 1242 2348 instituimus
1268 2300 1475 2366 quinque
1502 2295 1752 2346 solidorum
1780 2291 2314 2368 regularium,iplorum-

635 2391 727 2443 que
755 2386 1017 2438 apparentes
1049 2373 1095 2416 in
1116 2364 1315 2415 sestione
1345 2365 1507 2435 figuras
1533 2368 1797 2415 inueniendi
1823 2366 2011 2415 modum
2032 2364 2313 2416 tradidimus

636 2446 684 2490 in
707 2441 790 2489 hac
815 2457 922 2488 vcro
944 2448 987 2488 δε
1006 2436 1281 2486 methodum
1302 2435 1572 2505 assignamus
1590 2452 1681 2504 qua
1700 2434 1842 2484 solida
1865 2434 2085 2505 regularia
2114 2450 2315 2498 compo—

636 2512 719 2558 {ita
740 2529 822 2558 nec
844 2526 942 2556 non
956 2506 1216 2576 irregularia
1235 2508 1521 2573 omnia,quae
1541 2503 1598 2552 ab
1619 2507 1668 2551 i'is
1690 2508 1896 2574 quinque
1915 2500 2190 2571 regularibus
2207 2500 2316 2548 ssm-
2362 2521 2365 2524 ·

638 2578 828 2647 plicibus
849 2574 1208 2646 quomodolibet
1227 2573 1472 2622 nascuntur
1494 2572 1565 2620 seu
1583 2575 1806 2643 originem
1826 2567 2240 2629 ducunt,facillime
2258 2568 2315 2617 ad

641 2644 932 2717 prospee‘tum
951 2642 1385 2694 accommodentur:
1404 2659 1487 2690 nec
1514 2645 1595 2690 erit
1620 2640 1906 2690 necessarium
1937 2639 2072 2689 vllam
2101 2638 2230 2686 aliam
2253 2642 2319 2685 ic-

638 2715 970 2786 nographiam,
988 2730 1135 2782 neque
1155 2710 1500 2781 ortographiam
1527 2726 1685 2777 praeter
1713 2714 1802 2758 iam
1819 2726 1900 2777 pro
1918 2706 2191 2775 simplicibus
2211 2700 2329 2756 deli-2

644 2802 796 2833 neatas
823 2781 1184 2835 construere3sed
1200 2779 1462 2849 priusquam
1479 2778 1663 2827 vlterius
1682 2779 2048 2847 progrediamur,
2060 2794 2158 2823 non
2178 2777 2321 2823 inuti-

645 2854 685 2901 le
703 2853 815 2902 mihi
837 2850 980 2901 visum
999 2852 1077 2910 est,
1099 2850 1308 2920 quaedam
1328 2852 1382 2896 de
1399 2851 1597 2896 terminis
1626 2848 1733 2896 huic
1761 2847 1962 2898 subiedto
1988 2847 2178 2912 propriis
2205 2861 2316 2910 prae-

646 2938 838 2980 notare,
863 2939 962 2990 quae
988 2923 1195 2990 quamuis
1223 2921 1483 2967 communia
1513 2927 1557 2966 &
1580 2915 1938 2985 intelligentibus
1965 2911 2146 2964 fortasse
2172 2913 2321 2969 taedi0‚

648 3008 821 3059 magno
848 3006 1002 3038 tamen
1031 2987 1270 3055 tyronibus
1298 2987 1564 3035 adiumento
1598 2983 1698 3032 sunt
1717 2986 1867 3035 futura
1885 3023 1897 3044 ,
1929 2982 2093 3053 quibus
2119 2980 2322 3047 prodessc

649 3061 788 3108 nostri
809 3060 999 3106 maxime
1019 3056 1194 3120 consilij
1217 3056 1288 3104 est.

720 3125 873 3175 Solida
891 3126 1106 3195 regularia
1124 3124 1338 3192 simplicia
1356 3122 1458 3172 sunt
1481 3141 1531 3171 ea
1550 3125 1781 3192 quinque,
1800 3123 1855 3170 de
1887 3121 2052 3190 quibus
2081 3122 2251 3189 egimus
2276 3120 2323 3164 in

653 3193 1002 3262 praecedentibus
1019 3231 1032 3251 ‚
1064 3193 1362 3241 Tetra'edrum
1391 3191 1479 3241 siue
1505 3195 1698 3259 pyramis
1722 3191 1978 3259 aequilateta
1995 3229 2009 3248 ,
2035 3186 2325 3237 Hexae'drum

656 3263 728 3311 seu
747 3264 902 3321 cubuS,
925 3262 1236 3320 Offira'e'drum,
1260 3259 1631 3317 Dodecaedrum,
1645 3269 1688 3308 &
1710 3257 1993 3308 Icosa'e'drum
2007 3295 2022 3316 ,
2042 3255 2327 3325 quaequidem

659 3332 871 3401 regularia
893 3335 1191 3383 nominantur
1208 3350 1259 3379 ex
1279 3350 1331 3379 eo
1352 3330 1481 3400 quod
1502 3331 1658 3383 omnia
1686 3346 1843 3377 eorum
1872 3329 2008 3375 latera
2028 3329 2145 3375 inter
2174 3323 2213 3370 se
2237 3323 2325 3371 {int

1247 3401 1252 3402 ⁷
2126 3393 2326 3461 aequaha,
