2498 3898
649 234 721 282 {18
980 232 1648 282 THAVMATVRGI
1715 231 2020 280 OPTICI

652 301 965 372 subiungimus
981 297 1222 370 Synopfim
1241 302 1544 368 quarumdam
1573 299 1939 371 propositionum
1967 311 2012 352 &
2036 305 2314 363 axiomatum

651 369 820 440 quibus
837 369 1167 438 compendiose
1189 387 1349 417 omnes
1372 367 1466 420 fere
1494 369 1952 441 scenographicarum
1975 376 2316 438 proieehonum

651 436 775 509 leges
795 450 837 489 ὃς
856 457 953 487 tota
974 437 1151 487 illarum
1169 443 1430 488 oeconomia
1445 445 1728 500 continetur,
1747 456 1793 487 vt
1819 436 1939 486 bene
1956 440 2195 491 aduertent
2217 437 2315 508 spe-

650 509 873 558 culatores
891 504 1337 577 ingeniosi,ipsoque
1354 505 1430 556 vsu
1452 519 1495 558 ὃς
1514 513 1789 578 experientia
1807 524 1989 571 tyrones
2007 514 2144 558 etiam
2160 508 2315 580 agnos-

651 595 785 636 cent,
808 576 973 643 horitp
1007 594 1161 625 autem
1197 580 1407 625 omnium
1435 578 1844 628 demonstrationes
1879 578 2180 627 Geometricae
2223 586 2316 646 peti

651 645 832 715 possunt
852 644 875 692 ἐ
895 643 1254 712 praecedentibus
1272 643 1403 694 huius
1422 645 1525 694 libri
1542 642 1957 715 propositionibus,
1977 645 2034 692 ad
2054 663 2166 714 quas
2189 648 2315 695 vela*

651 719 685 762 ti
702 710 976 762 conse&aria
992 711 1113 774 sunt,
1131 730 1271 783 quare
1291 714 1415 762 nuda
1439 714 1517 762 illa
1539 713 1633 764 sine
1661 714 1816 784 figuris
1844 723 1888 763 δε
1916 713 2315 766 demonstrationi-

648 780 734 844 ¹bus
761 780 919 830 leetori
938 779 1209 852 speculanda
1226 798 1451 850 propono.
1835 779 1839 783 ’

1296 928 1322 972 S
1339 928 1379 973 Y
1396 928 1445 974 N
1465 927 1510 973 O
1529 928 1562 974 P
1579 926 1639 973 SI
1656 925 1681 972 S

650 1056 923 1126 Quarumdam
936 1061 1220 1130 propositionum
1227 1061 1308 1126 fiue
1327 1064 1442 1110 etiam
1454 1064 1713 1120 axiomatum,
1733 1078 1812 1132 quae
1828 1060 2165 1132 adscenographiae
2182 1063 2320 1112 Thea·

849 1133 948 1177 riam
973 1150 1046 1178 non
1068 1130 1269 1180 iniucunda
1285 1171 1300 1189 ,
1325 1146 1387 1190 (y
1401 1130 1456 1179 ad
1469 1137 1628 1201 praxim
1645 1130 1934 1202 intelltgentibus
1950 1135 2120 1181 maxime

1285 1205 1398 1251 wilia
1407 1204 1670 1275 fusurafimt.

649 1340 680 1383 l·
881 1343 995 1390 Mne
1013 1348 1237 1409 punehim
1256 1348 1303 1392 in
1322 1343 1480 1411 aliquo
1498 1342 1688 1391 existens
1706 1342 1893 1392 obiecto
1909 1346 2199 1411 proiiciturin
2211 1358 2319 1410 pun-

881 1413 1005 1457 (stum
1025 1407 1117 1459 siue
1135 1411 1432 1481 consignatur
1451 1416 1498 1458 in
1520 1409 1726 1460 tabulam
1746 1417 2124 1480 pernotationem
2144 1414 2317 1479 punffl,

650 1481 759 1545 quia
777 1477 945 1527 scilicet
966 1476 1027 1526 sui
1048 1476 1245 1545 speciem
1276 1476 1515 1548 profundit
1541 1478 1599 1527 ad
1630 1480 1817 1530 oculum
1843 1497 1923 1550 per
1943 1485 2116 1529 tetstam
2133 1480 2317 1537 lineam,

649 1563 751 1614 quae
769 1550 897 1595 vitrei
919 1542 1203 1615 superficiem
1224 1549 1545 1608 intermediam
1564 1545 1636 1596 seu
1662 1547 1825 1599 tabulae
1844 1550 2034 1618 planum
2055 1547 2200 1598 secare
2221 1565 2321 1596 non

649 1616 801 1682 potest
817 1611 899 1663 nisi
923 1618 970 1662 in
989 1621 1175 1683 puniito.

724 1688 784 1731 11.
820 1687 990 1732 Omnis
1016 1685 1136 1734 linea
1166 1692 1287 1736 tedia
1312 1704 1411 1755 quae
1442 1685 1663 1754 produSta
1688 1705 1899 1737 centrum
1924 1688 2046 1736 oculi
2073 1692 2320 1754 attingeret

652 1756 886 1819 proiicitur
905 1758 949 1800 in
966 1759 1214 1821 punctum,
1237 1760 1346 1825 quia
1369 1754 1536 1804 scilicet
1575 1766 1618 1805 δε
1642 1752 1733 1825 ipsa
1761 1762 1957 1806 vitreum
1978 1774 2075 1804 non
2092 1752 2210 1803 secat
2235 1750 2319 1800 nisi

649 1826 697 1870 in
726 1826 911 1889 pumilo.

718 1894 805 1938 III.
845 1895 1014 1941 Omnis
1033 1891 1153 1941 linea
1177 1912 1277 1963 quae
1297 1893 1353 1942 ad
1373 1892 1497 1942 oculi
1513 1909 1723 1942 centrum
1742 1912 1839 1942 non
1850 1890 2014 1955 tendit,
2024 1894 2257 1962 proiicitur
2275 1894 2324 1937 in

648 1956 969 2029 lineam5quia
987 1958 1155 2010 scilicet
1189 1964 1300 2011 dum
1319 1960 1381 2010 sui
1402 1960 1598 2031 speciem
1619 1967 1827 2012 immittit
1852 1968 1902 2011 in
1927 1949 2323 2022 0·cu-lum,format

648 2025 935 2094 superficiem
953 2030 1299 2100 triangularem,
1322 2036 1448 2079 cuius
1468 2030 1583 2080 basis
1603 2032 1732 2081 estin
1748 2030 1840 2099 ipsa
1857 2029 2322 2100 linea,angulusvero

649 2095 714 2143 illi
733 2096 1036 2165 oppositusin
1061 2100 1198 2148 oculo
1210 2127 1220 2160 ·‚
1232 2098 1307 2148 illa
1324 2118 1478 2149 autern
1497 2095 1753 2169 superficies
1771 2097 1888 2151 secat
1905 2104 2101 2150 vitreum
2118 2104 2168 2148 in
2186 2096 2321 2157 linea,

650 2161 725 2213 seu
744 2170 791 2213 in
810 2166 1017 2225 transitus
1038 2166 1100 2216 sui
1120 2170 1310 2238 vestigio
1329 2168 1548 2238 reIInquit
1568 2169 1749 2219 lineam.

718 2240 800 2283 IV.
838 2241 1008 2286 Omnis
1026 2235 1280 2307 superficies
1299 2241 1422 2286 resta
1441 2255 1541 2307 quae
1557 2239 1741 2288 vlterius
1761 2240 1986 2307 producita
2010 2234 2216 2287 transiret
2241 2252 2321 2304 pet

651 2302 775 2353 oculi
799 2306 1006 2356 medium
1031 2312 1265 2375 proiicitur
1289 2313 1336 2357 in
1366 2306 1559 2369 lineam,
1586 2313 1696 2377 quia
1726 2312 1946 2358 nimirum
1982 2305 2337 2357 obumbrantur¹

649 2373 809 2422 mediae
827 2392 975 2442 partes
996 2377 1094 2425 talis
1113 2373 1362 2444 superficiei
1380 2374 1439 2424 ab
1456 2375 1572 2425 illius
1593 2382 1827 2438 extremis,
1846 2387 1890 2427 δε
1906 2375 2074 2447 species
2090 2374 2322 2444 prodeun-

649 2458 715 2489 tes
738 2438 763 2489 Ξι
780 2440 965 2512 sngulis
984 2443 1187 2515 partibus
1204 2445 1321 2494 illius
1339 2441 1590 2513 superficiei
1607 2445 1665 2494 ad
1681 2446 1870 2496 oculum
1886 2445 1986 2496 sunt
2002 2462 2164 2494 omnes
2182 2447 2233 2493 in
2242 2461 2321 2491 eo-

651 2509 757 2558 dem
778 2511 939 2578 plano,
958 2515 1088 2584 quod
1101 2519 1299 2563 vitreum
1316 2511 1462 2562 secare
1480 2532 1577 2562 non
1600 2515 1750 2582 potest
1764 2512 1847 2563 nisi
1863 2520 1911 2563 in
1927 2515 2058 2564 linea.

720 2582 775 2626 V.
820 2584 989 2630 Omnis
1026 2580 1283 2650 superficies
1312 2600 1412 2649 quae
1443 2583 1667 2651 produdht
1690 2601 1788 2632 non
1822 2587 2100 2653 impingeret
2120 2587 2168 2630 in
2198 2576 2324 2630 oculi

649 2646 854 2695 medium
878 2654 1112 2716 proiicitur
1134 2655 1182 2698 in
1210 2648 1256 2698 su
1293 2649 1518 2712 erficiem,
1543 2648 1637 2700 siue
1654 2652 1711 2700 ad
1731 2652 1857 2700 illam
1883 2651 2229 2721 depingendam
2251 2667 2321 2696 re-

650 2720 805 2783 quitur
841 2721 889 2764 in
927 2717 1082 2767 tabula
1120 2670 1372 2787 superficiei
1415 2718 1632 2789 expressio
1657 2761 1669 2780 ,
1704 2725 1814 2790 quia
1843 2725 2063 2769 nimirum
2097 2716 2265 2788 species
2297 2715 2324 2765 Ξ.

650 2784 727 2831 tali
764 2781 998 2852 superficie
1034 2793 1081 2835 in
1114 2788 1306 2836 oculum
1331 2789 1490 2837 emiffae
1520 2807 1618 2837 non
1650 2788 1790 2839 solam
1827 2787 2004 2844 faciunt
2044 2789 2213 2837 lineam
2246 2804 2326 2835 aut

650 2848 933 2920 superficiem
951 2896 965 2917 ,
997 2854 1071 2904 scd
1100 2858 1384 2924 pyramidem
1412 2877 1519 2906 cum
1547 2863 1663 2907 trina
1692 2855 2000 2918 dimensione,
2017 2876 2118 2926 quae
2147 2856 2259 2904 dum
2274 2860 2322 2902 in

649 2920 839 2989 planum
867 2921 941 2971 seu
967 2929 1162 2973 vitreum
1188 2930 1375 2975 incurrit
1407 2924 1547 2976 debet
1565 2947 1649 2997 pro
1669 2925 1877 2976 transitus
1896 2925 1959 2976 sui
1977 2926 2168 2996 vestigio
2188 2924 2324 2974 relin-

650 3008 792 3059 quere
813 2987 1109 3058 superficiem.

718 3063 801 3108 VI.
839 3063 1007 3110 Omnis
1047 3061 1302 3130 superficies
1333 3062 1544 3132 parallela
1567 3069 1736 3125 vitreo,
1759 3060 2001 3134 omnisque
2027 3062 2220 3112 linea'in
2245 3062 2323 3112 tali

650 3124 883 3196 superficie
908 3130 1130 3198 assumpta
1164 3131 1428 3201 depingitur
1454 3137 1502 3179 in
1532 3130 1688 3182 tabula
1715 3131 1966 3183 secundum
1984 3131 2180 3202 figuram
2201 3129 2321 3180 sirni—

651 3195 742 3243 lcm
764 3193 938 3263 prorsus
960 3199 1023 3247 illi
1038 3216 1179 3267 quam
1200 3198 1364 3261 habet,
1383 3205 1445 3248 ita
1462 3219 1508 3249 vt
1526 3206 1574 3250 in
1594 3203 1684 3251 istis
1701 3220 1800 3251 non
1826 3202 2004 3251 differat
2029 3199 2175 3270 figura
2199 3204 2322 3248 Geo-

652 3269 838 3313 metrica
859 3274 901 3314 &
922 3267 1049 3316 realis
1067 3265 1126 3316 ab
1146 3286 1392 3336 apparente
1413 3278 1456 3320 δε
1474 3266 1852 3341 scenographica,
1867 3268 1951 3321 nisi
1976 3267 2067 3319 sola
2090 3273 2319 3338 magnitu-

653 3330 840 3392 dine,vt
858 3337 1007 3400 potest
1025 3335 1182 3407 colligi
1202 3356 1253 3387 ex
1275 3337 1594 3390 demonstratis
1610 3345 1658 3389 in
1674 3337 1988 3409 propositione
2008 3338 2185 3388 decima
2194 3341 2320 3406 06ὶαῖ
