2498 3898
635 218 717 250 100
933 203 1600 253 THAVMATVRGI
1676 206 1989 255 OPTICI

634 271 834 339 regulare
854 271 1025 319 habent
1046 287 1126 337 pro
1147 267 1260 327 basi,
1284 264 1385 317 satis
1408 272 1611 318 indicant
1629 268 1820 321 solidum
1840 273 1951 321 illud
1981 271 2307 323 fundamenta-⁷

628 339 667 385 le
693 341 749 387 ad
772 343 901 409 quod
931 339 1211 404 applicantur
1243 337 1328 386 effe
1359 340 1723 399 Dodeca'e'drum,
1742 346 1790 389 in
1815 347 1936 390 cuius
1961 343 2199 392 duodecim
2230 344 2306 392 sii-

631 407 806 475 perficie
818 409 897 456 bus
920 412 1194 476 pentagonis
1216 411 1448 477 eriguntur
1470 406 1709 456 secundum
1729 411 1935 459 eamdem
1958 417 2135 479 penitus
2156 411 2307 479 dispo-

633 477 844 525 sitionem
869 485 912 523 ὃς
936 474 1066 522 situm
1090 492 1225 543 quem
1255 476 1466 524 videntur
1499 475 1665 525 habere
1693 481 1741 525 in
1759 477 2085 548 diagrammate
2110 486 2166 530 X.
2182 483 2303 529 Tab.

635 557 698 594 16.
732 548 809 595 vbi
836 541 1010 613 singula
1037 548 1123 591 eius
1143 543 1278 592 latera
1301 555 1344 595 &
1371 542 1501 593 facies
1529 549 2037 613 exprimuntur:verum
2068 555 2178 617 quia
2203 551 2307 598 ista-

633 633 730 662 rum
758 612 1046 681 pyramidum
1076 630 1175 660 axes
1203 611 1420 661 eiusmodi
1452 619 1724 685 pentagonis
1752 617 2174 685 perpendiculariter
2196 617 2306 666 insi-

630 684 772 738 stunt,
792 682 896 730 ideo
915 680 1128 748 aequalem
1153 699 1311 729 omnes
1331 682 1387 728 ad
1403 686 1598 731 inuicem
1617 684 1788 732 habent
1815 684 2161 734 inclinationem
2181 724 2194 744 ,
2221 705 2307 736 vn-

630 751 685 797 de
706 750 822 799 linea
842 767 938 819 quae
958 766 1178 797 extremos
1202 759 1245 799 &
1268 750 1505 818 oppositos
1530 756 1767 800 connee‘tit
1800 755 2082 819 pyramidum
2111 760 2256 822 apices
2280 776 2307 804 a

633 829 676 868 &
699 817 751 878 b,
783 820 1108 888 diagrammate
1137 823 1178 868 X
1195 824 1209 866 1
1225 824 1254 867 Ι.
1286 824 1332 867 in
1362 819 1543 868 Tabula
1565 839 1626 878 ¹7·
1651 819 1733 868 hac
1754 823 1942 889 inquam
1964 822 2080 871 linea
2096 824 2308 872 existente

632 887 913 937 horizontali
940 888 1078 955 plano
1106 887 1160 935 ad
1184 892 1331 936 rcCtos
1350 925 1362 946 ,
1392 886 1444 936 fit
1469 905 1520 938 vt
1548 906 1705 936 omnes
1731 905 1985 938 caeterarum
2020 894 2307 959 pyramidum

631 960 777 1024 apices
798 960 1078 1005 conueniant
1098 956 1153 1003 ad
1172 957 1264 1004 duo
1284 957 1418 1024 plana
1439 958 1676 1005 horizonti
1696 958 1904 1025 parallela
1922 979 1932 1012 3
1952 957 2145 1027 superius
2163 979 2308 1010 vnum

627 1029 676 1074 in
695 1043 789 1095 quo
815 1028 1096 1073 conueniunt
1120 1020 1264 1093 apices
1279 1026 1337 1073 cd
1350 1046 1368 1073 e
1378 1029 1415 1095 f
1414 1045 1472 1096 ξς
1495 1025 1686 1075 Inferius
1715 1027 1904 1075 alterum
1932 1032 1980 1076 in
2015 1045 2111 1098 quo
2135 1047 2309 1077 conue-

632 1100 764 1142 niunt
798 1094 917 1142 hilm
947 1104 991 1144 δε
1023 1094 1130 1142 alius
1153 1094 1345 1144 ciusdem
1373 1095 1546 1144 ordinis
1568 1100 1644 1165 qui
1664 1096 1801 1144 latere
1827 1093 2095 1165 supponitur
2118 1117 2130 1151 ;
2152 1102 2216 1145 ita
2242 1092 2308 1156 vr,

632 1163 1023 1232 quemadmodum
1049 1164 1225 1212 istarum
1258 1168 1465 1213 omnium
1493 1165 1772 1232 pyramidum
1809 1165 1928 1214 bases
1960 1181 2108 1214 totam
2141 1167 2307 1215 Dode-

633 1234 779 1281 cae'dri
808 1232 1080 1300 superficiem
1111 1249 1336 1300 occupant
1353 1272 1366 1292 ‚
1393 1233 1452 1281 sic
1476 1252 1621 1282 earum
1640 1237 1783 1301 apices
1801 1235 1857 1283 ad
1875 1236 2119 1284 duodecim
2145 1234 2308 1283 lcosae—

633 1303 701 1350 dri
717 1301 885 1350 solidos
902 1302 1094 1371 angulos
1112 1302 1462 1360 constituantur,
1484 1303 1614 1370 quod
1641 1300 1713 1350 sua
1733 1299 2030 1371 dispositione
2057 1300 2305 1352 efformant

627 1377 680 1419 in
705 1372 866 1419 eodem
897 1369 1031 1436 plane
1058 1365 1163 1427 situ,
1181 1373 1228 1417 in
1254 1388 1349 1439 quo
1378 1370 1486 1418 illud
1512 1371 1834 1420 delineauimus
1860 1372 1915 1419 ad
1942 1372 2307 1440 propositionem

631 1440 762 1487 huius
782 1440 883 1487 libri
907 1458 981 1497 27.
1005 1456 1102 1506 quae
1123 1441 1256 1485 etiam
1281 1457 1365 1505 pro
1394 1437 1572 1487 huiusce
1604 1441 1736 1488 solidi
1764 1457 1947 1488 externa
1974 1441 2307 1510 configuratio-

633 1527 688 1556 ne
715 1507 814 1556 vsui
840 1506 921 1555 esse
954 1507 1088 1554 debet
1109 1527 1121 1559 ,·
1142 1505 1214 1553 sed
1237 1512 1357 1574 prius
1384 1509 1658 1557 inuenienda
1683 1509 1742 1556 est
1762 1509 2051 1557 Dodecaedri
2068 1506 2310 1578 scenogra-

631 1570 767 1644 phiaj
784 1578 929 1646 qualis
953 1576 1562 1646 exprimiturdiagrammate
1585 1581 1652 1636 X,
1672 1574 1705 1624 si
1731 1579 1915 1645 quidem
1943 1577 2072 1626 huius
2101 1581 2308 1627 constru-

632 1649 794 1695 &tionis
823 1644 1173 1695 fundamentum
1201 1645 1290 1692 est:
1319 1652 1373 1696 Et
1394 1645 1578 1714 quidem
1608 1647 1723 1694 illius
1750 1653 1838 1693 iam
1870 1648 2223 1694 delineationem
2261 1657 2307 1696 δε

633 1715 1029 1763 adumbrationem
1053 1712 1190 1761 habes
1206 1713 1522 1782 propositione
1543 1735 1565 1762 2
1579 1727 1619 1763 6.
1641 1716 1771 1762 huius
1790 1715 1917 1773 libri,
1934 1715 2006 1763 sed
2022 1716 2198 1763 alterius
2223 1715 2313 1782 pla-

634 1801 690 1832 ne
710 1779 1016 1851 dispositionis
1036 1800 1135 1851 quae
1152 1781 1274 1849 plani
1297 1788 1574 1832 Geometrici
1595 1794 1638 1832 &
1662 1783 1969 1852 ortographiae
1988 1781 2200 1832 diuersam
2224 1781 2310 1831 dis-
2354 1788 2357 1790 ’

634 1850 911 1920 positionem
935 1851 1192 1920 requirebat
1216 1852 1368 1905 ,·vnde
1398 1869 1479 1919 pro
1505 1850 1708 1920 praesenti
1730 1850 2026 1919 dispositione
2053 1862 2097 1901 &
2119 1853 2311 1919 planum

635 1925 972 1970 Geometricum
1014 1917 1272 1968 describitur
1303 1957 1318 1980 ,
1352 1930 1396 1968 &
1433 1921 1740 1991 ortographiae
1786 1921 1902 1970 linea
1949 1924 2176 1985 inuenitur
2219 1922 2309 1970 hoc

633 1992 789 2040 modo.

704 2059 993 2109 Describatut
1018 2060 1232 2125 primum,
1248 2074 1300 2105 vt
1318 2062 1366 2104 in
1382 2058 1561 2106 Tabula
1578 2075 1641 2110 16.
1664 2060 1991 2129 diagrammate
2014 2063 2056 2107 X
2072 2063 2106 2107 1.
2125 2059 2309 2107 circulus

636 2130 837 2177 occultus
866 2127 889 2176 ὲ
917 2143 1071 2176 centro
1100 2132 1165 2185 A,
1187 2131 1308 2174 cuius
1337 2127 1499 2174 deinde
1529 2125 1885 2177 circumferentia
1913 2133 1961 2175 in
1991 2129 2147 2176 decern
2165 2145 2309 2194 partes

636 2198 825 2268 aequales
844 2198 1074 2246 diuidatur
1091 2199 1121 2242 B
1134 2200 1182 2244 H
1199 2203 1237 2244 C
1254 2201 1324 2245 1D
1339 2199 1425 2244 ΚΕ
1441 2199 1514 2243 LF
1530 2201 1571 2245 G
1585 2234 1598 2255 ‚
1617 2202 1680 2245 ita
1704 2213 1752 2246 vt
1778 2215 1851 2264 per
1875 2196 1967 2244 haec
1996 2197 2140 2245 dustae
2171 2195 2311 2244 alter-

636 2271 780 2315 natim
803 2270 931 2316 1ectae
951 2265 1075 2313 lineae
1100 2265 1192 2313 duo
1209 2280 1475 2335 pentagona
1493 2267 1709 2334 regularia
1728 2266 1943 2323 efficiant,
1957 2281 2154 2334 quorum
2174 2266 2314 2313 latera

638 2339 669 2383 B
684 2343 746 2402 Q,
767 2342 805 2386 C
821 2343 863 2386 D
878 2374 892 2392 ‚
917 2344 1000 2383 &c.
1019 2334 1113 2382 dati
1134 2334 1423 2383 Dodeca'edri
1447 2333 1655 2383 lateribus
1675 2332 1763 2382 sint
1789 2354 1822 2383 ae
1860 2334 1999 2393 uaha,
2018 2334 2200 2404 sintque
2217 2332 2310 2402 ipsa

635 2403 898 2474 pentagona
918 2420 1002 2471 pro
1020 2403 1159 2469 plano
1199 2406 1493 2453 Geometrico
1524 2400 1596 2450 seu
1623 2407 1843 2474 icnogtap
1883 2406 1938 2454 ia,
1962 2421 2127 2459 vnum,
2145 2401 2310 2452 scilicet

638 2477 781 2523 BCD
799 2478 830 2521 E
847 2480 873 2522 F
901 2469 1145 2540 superficiei
1171 2471 1374 2521 inferiori
1399 2470 1567 2530 abcde‚
1614 2472 1900 2521 Dodeca'e‘dri
1929 2473 2067 2539 quod
2086 2473 2312 2541 diagram—

635 2558 754 2590 mate
775 2547 833 2591 X.
852 2545 1111 2607 exprimitur
1135 2561 1145 2593 ;
1162 2543 1347 2589 alterum
1364 2559 1471 2591 vero
1489 2559 1653 2608 nempe
1686 2545 1726 2588 G
1744 2544 1822 2588 HI
1835 2543 1875 2590 Κ
1887 2544 1923 2587 L
1941 2540 2069 2589 faciei
2095 2539 2307 2608 superiori

631 2610 796 2682 fghik,
817 2610 1013 2660 eiusdem
1038 2608 1335 2658 Dodecaedri.
1361 2611 1589 2659 Educatur
1616 2608 1781 2656 deinde
1796 2611 1819 2658 ἐ
1838 2600 2029 2677 punite?
2044 2613 2192 2677 E,per
2209 2626 2312 2656 cen-

637 2700 754 2731 trum
775 2686 837 2734 A3
855 2681 973 2729 linea
991 2683 1025 2726 E
1045 2698 1093 2734 a,
1112 2696 1209 2748 quae
1229 2679 1341 2727 latus
1360 2684 1391 2728 B
1406 2683 1469 2738 C,
1488 2675 1652 2727 secabit
1668 2681 1716 2726 in
1736 2681 1912 2746 puneto
1933 2684 1986 2728 M
2000 2715 2013 2737 ,
2038 2688 2082 2729 δε
2111 2677 2169 2725 ab
2189 2682 2216 2725 F
2232 2713 2245 2733 ,
2261 2681 2309 2726 in

637 2758 680 2800 D
694 2788 706 2807 ‚
729 2749 914 2798 ducatur
934 2753 961 2797 F
977 2753 1045 2804 D,
1065 2748 1332 2796 subtendens
1346 2748 1566 2819 angulum
1591 2752 1617 2795 F
1631 2751 1722 2797 ΕΙ)
1747 2768 1757 2801 3
1777 2749 1867 2797 haec
1886 2747 2052 2796 lineam
2080 2751 2114 2796 E
2128 2766 2153 2794 a
2167 2743 2313 2803 ,seca-

640 2820 767 2867 bitin
789 2821 961 2886 punt‘Jto
975 2821 1029 2886 f3
1053 2817 1261 2866 educatur
1277 2835 1424 2866 autem
1441 2818 1466 2867 a
1486 2820 1661 2885 punisto
1683 2837 1729 2876 a,
1747 2816 1863 2865 linea
1883 2816 1963 2870 ad,
1983 2817 2310 2886 magnitudinis

636 2887 880 2936 indefinitae
902 2904 999 2957 qua:
1020 2887 1076 2935 ad
1102 2884 1242 2954 ipsam
1265 2890 1300 2933 E
1314 2907 1358 2946 a,
1376 2885 1430 2935 sit
1449 2886 1836 2955 perpendicularis.
1860 2886 2015 2933 Postea
2036 2903 2141 2934 vero
2153 2884 2312 2933 eodem

637 2973 796 3006 centro
820 2961 854 3004 A
868 2993 880 3014 ‚
898 2955 1078 3004 circulus
1095 2957 1206 3004 alter
1223 2953 1519 3004 decircinetur
1539 2957 1628 3002 eius
1647 2954 2057 3024 magnitudinis,vt
2077 2955 2193 3001 linea
2207 2956 2234 2999 F
2249 2959 2311 3012 D,

638 3025 693 3073 fit
713 3024 891 3096 :equalis
906 3025 1029 3072 lateri
1051 3027 1304 3094 pentagoni
1324 3025 1534 3094 regularis
1552 3022 1696 3071 eidem
1721 3022 1884 3072 circulo
1913 3021 2110 3091 inscripti
2128 3044 2138 3069 .·
2157 3017 2312 3090 figna-

638 3095 808 3143 buntur
836 3112 946 3164 ergo
969 3097 1016 3141 in
1035 3095 1160 3141 huius
1179 3094 1428 3161 peripheria
1447 3093 1617 3160 punCta
1640 3092 1794 3142 decem
1818 3092 2042 3161 aequaliter
2065 3096 2179 3140 inter
2198 3090 2236 3139 se
2248 3091 2311 3137 di-

637 3164 814 3223 stantia,
845 3161 969 3232 quasi
996 3162 1130 3210 velles
1149 3166 1196 3210 in
1219 3181 1272 3210 eo
1299 3179 1567 3232 pentagona
1588 3161 1682 3209 duo
1713 3162 1935 3230 prioribus
1964 3163 2310 3210 concentrica&

639 3232 848 3297 parallela
869 3233 1113 3289 delineare,
1132 3235 1192 3278 ita
1212 3247 1262 3279 vt
1286 3248 1443 3279 eorum
1460 3231 1619 3300 anguli
1637 3229 1827 3279 aliorum
1853 3230 2029 3301 angulis
2046 3232 2069 3278 e*
2088 3231 2308 3276 diametro

636 3317 973 3366 opponerentur
990 3305 1354 3370 [coniungantur
1373 3316 1525 3350 autem
1540 3301 1633 3349 haec
1650 3303 1821 3368 punsta
1837 3295 1921 3348 sibi
1938 3302 2131 3348 inuicem
2150 3301 2308 3345 imme·
