2498 3898
655 256 905 305 LIBER
952 256 1413 303 SECVNDVS.
1815 278 1873 319 125

207 344 274 375 res
294 330 611 395 prominentes
638 321 856 392 aspiciens
882 330 930 373 in
952 324 1140 393 planum
1170 329 1391 388 proiectas
1418 322 1682 385 arbitratur,
1698 325 1805 375 itasi
1822 319 1870 377 in

190 437 194 439 a
205 395 395 463 planum
411 392 616 442 similiter
633 399 856 462 proiectas
878 412 1146 454 contuetur,
1165 391 1188 443 {i
1206 392 1573 461 prominentibus
1590 392 1703 441 nihil
1722 396 1871 443 differ-

204 483 250 511 re
272 461 443 512 sentiat.
463 467 521 511 Et
537 468 667 531 quia,
680 480 727 511 vt
746 468 1196 522 monuimus‚·reruin
1215 460 1405 509 visarum
1422 462 1763 531 magnitudines
1772 465 1874 512 aesti-

203 551 387 581 mantur
405 551 455 580 ex
472 531 749 601 angulorum
763 529 1031 580 visoriorum
1051 551 1082 579 ae
1122 533 1306 580 ualitate
1331 530 1401 578 vel
1415 529 1744 599 inaequalitate,
1762 531 1870 581 hinc

203 597 347 650 rursus
364 601 524 650 oculus
542 601 712 649 iudicat
732 620 799 648 res
828 600 1070 668 inaequales
1087 549 1176 648 tsub
1204 598 1380 668 angulis
1407 598 1655 669 ae'qualibus
1681 599 1871 669 conspe-

203 674 294 719 aas
314 673 400 720 effe
423 668 628 738 aequales.
670 667 852 737 Qibus
881 667 1035 737 positis
1063 669 1311 718 dicendum
1340 673 1590 733 imaginem
1614 688 1870 737 quamcun-

203 758 294 808 que
320 760 371 788 ex
396 737 584 787 obiecto
613 753 899 807 quocunque
928 743 976 785 in
1004 736 1273 799 sedhonem,
1293 735 1366 786 seu
1398 736 1587 806 planum
1617 739 1869 788 delineato-

200 813 348 869 rium,
365 807 457 857 siue
478 811 526 854 in
550 804 836 876 superficiem
861 826 1190 876 quamcunque
1217 805 1569 876 scenographice
1602 813 1869 874 proieetamj

204 875 589 928 exintersetstione
606 874 740 945 ipsius
763 877 1007 944 pyramidis
1025 882 1207 945 opticae,
1231 882 1278 924 in
1298 895 1390 945 qua
1411 895 1492 944 per
1519 893 1670 924 totum
1696 881 1871 944 pielura'

200 947 373 997 obiedti
396 945 626 995 rationalis
653 942 728 994 seu
750 950 868 994 aeria
892 944 1108 1007 versatur,
1129 964 1379 1015 prototypo
1402 950 1552 1014 primo
1581 943 1655 994 seu
1680 944 1867 995 obieeto

200 1012 305 1065 fore
322 1014 475 1086 optice
490 1012 684 1063 similem
700 1026 744 1064 δε
760 1014 993 1083 aequalem.
1021 1020 1060 1062 .i.
1083 1017 1322 1064 immutata
1347 1020 1646 1083 quantumuis
1672 1015 1871 1084 pyr-affii-⁴

202 1087 268 1135 dis
290 1091 452 1155 opticae
469 1082 563 1132 basi
577 1102 659 1152 per
673 1103 815 1133 vnum
829 1084 1019 1153 aliquod
1037 1084 1225 1153 planum
1238 1126 1250 1145 ‚
1266 1081 1360 1132 siue
1379 1102 1458 1152 per
1483 1083 1616 1153 plura.
1638 1082 1778 1153 ipsam
1800 1085 1867 1133 di-

199 1153 454 1204 uei-simod&
469 1150 807 1214 intersecantia‚
826 1154 1037 1201 eamdem
1059 1159 1239 1223 penitus
1264 1150 1362 1201 fore
1379 1151 1622 1214 visionem,
1643 1154 1774 1222 quod
1795 1160 1864 1202 ni-

198 1230 365 1272 mirum
380 1241 460 1292 per
476 1218 660 1271 eosdem
677 1223 826 1271 radios
840 1220 1084 1271 visibilium
1096 1220 1262 1292 species
1283 1221 1407 1271 haud
1424 1228 1672 1271 immutata:
1688 1225 1746 1272 ad
1756 1243 1866 1273 ocu-

196 1293 291 1342 lum
310 1297 578 1361 pertineant.

264 1360 439 1411 Verum
457 1379 674 1411 manente
689 1360 864 1430 semper
883 1362 1049 1411 eodem
1070 1368 1232 1432 opticae
1251 1361 1496 1431 pyramidis
1521 1367 1713 1422 vertice,
1732 1372 1775 1412 ὃς
1799 1360 1869 1410 iis-

196 1432 302 1479 dem
321 1432 454 1480 radiis
472 1428 677 1480 similiter
694 1430 848 1500 positis
861 1474 873 1493 ‚
890 1433 1122 1482 vndenam
1138 1438 1307 1481 oriatur
1324 1436 1662 1500 proiecstionum
1683 1430 1867 1481 diuersi..

197 1518 261 1550 tas
278 1500 531 1550 videndum
550 1500 625 1548 est.
677 1507 741 1551 Ex
759 1505 810 1548 iis
829 1506 966 1570 igitur
985 1504 1205 1570 praecipue
1225 1499 1574 1550 discriminanda
1598 1498 1699 1550 sunt
1727 1506 1868 1570 proie-

196 1575 404 1618 &ionum
433 1587 604 1638 genera
625 1589 724 1639 quae
753 1569 988 1620 delineata>
1011 1570 1166 1641 figurae
1184 1571 1417 1619 essentiam
1433 1565 1608 1619 faciunt
1628 1569 1867 1632 diuersam,

194 1638 450 1688 cuiusmodi
467 1639 594 1695 estin
610 1639 749 1707 plano
766 1636 859 1688 siue
880 1638 1037 1688 tabula
1053 1638 1337 1688 obuersionis
1362 1638 1482 1688 situs.
1503 1645 1641 1708 Finge
1669 1645 1792 1688 enim
1821 1646 1869 1689 ti-

196 1707 244 1756 bi
258 1727 401 1757 vnum
417 1707 609 1775 aliquod
633 1707 822 1777 planum
844 1709 1077 1758 horizonti
1101 1702 1476 1778 perpendiculare
1497 1751 1507 1769 ‚
1533 1713 1606 1756 cui
1630 1708 1689 1756 ad
1712 1715 1862 1758 redtos

192 1778 366 1827 incidat
383 1783 473 1826 axis
490 1782 670 1844 opticus
690 1779 802 1826 dum
817 1798 915 1826 rem
932 1776 1025 1827 siue
1040 1779 1176 1839 vltra,
1197 1777 1289 1827 siue
1309 1783 1421 1827 citra
1442 1777 1632 1846 planum
1654 1780 1867 1828 constitu-

192 1865 288 1896 tam
309 1859 352 1897 δε
368 1846 426 1896 ab
446 1861 502 1895 eo
528 1845 767 1915 aliquanto
800 1846 996 1896 dissitam
1019 1848 1195 1897 inuadit
1222 1865 1428 1896 3certum
1454 1849 1519 1896 est
1543 1853 1591 1896 in
1616 1847 1697 1896 illo
1725 1847 1867 1917 plano*

194 1935 290 1985 quo
307 1913 601 1966 intersecatur
616 1921 811 1985 pyramis
831 1922 986 1986 optica
1005 1918 1128 1986 posse
1147 1916 1365 1965 delineari
1385 1921 1637 1986 imaginem
1652 1917 1772 1981 ¹illius
1786 1923 1863 1980 rei,

193 1986 440 2035 dedueram
455 1985 479 2031 ἐ
499 1991 673 2054 pictura
687 1986 896 2035 rationali
915 1986 1007 2036 siue
1024 1992 1141 2035 aeria
1167 2005 1309 2055 quam
1338 1987 1530 2035 diximus
1553 1990 1600 2034 in
1629 1989 1710 2035 ista
1735 2006 1866 2056 pyra-

191 2057 315 2104 mide
334 2075 414 2124 per
430 2073 583 2103 totum
604 2054 784 2103 realiter
801 2055 961 2117 inesse,
980 2053 1139 2105 &latis
1159 2074 1285 2123 patet
1301 2075 1352 2104 ex
1370 2061 1528 2124 optico
1560 2055 1871 2123 phaenomeno

190 2125 249 2173 ad
266 2129 448 2173 initium
466 2129 625 2194 prioris
648 2122 764 2172 libri.
819 2130 915 2173 Iam
929 2144 1041 2173 vero
1060 2137 1103 2176 δε
1119 2126 1233 2173 vltra
1260 2124 1372 2172 illud
1401 2125 1589 2194 planum
1611 2125 1734 2174 aliud
1759 2132 1869 2175 ima-

191 2199 348 2263 ginare
364 2195 596 2243 horizonti
623 2198 762 2242 etiam
790 2194 1188 2263 perpendiculare‚
1208 2192 1285 2242 sed
1313 2199 1374 2242 ita
1399 2199 1537 2263 priori
1561 2195 1866 2256 commissum,

190 2281 238 2311 vt
254 2264 403 2312 radios
426 2269 608 2332 opticos
627 2272 671 2310 &
690 2260 836 2330 ipsum
851 2282 980 2311 axem
999 2268 1192 2333 excipiat
1211 2264 1269 2311 ad
1293 2263 1486 2333 angulos
1511 2261 1864 2333 obliquiffim053

190 2333 353 2401 procul
371 2331 515 2380 dubio
537 2342 581 2381 δε
599 2337 646 2379 in
663 2331 746 2379 isto
764 2338 933 2400 poterit
956 2337 1021 2381 rei
1046 2353 1126 2401 per
1154 2352 1299 2401 quam
1322 2333 1433 2380 radii
1463 2334 1803 2401 protenduntur
1818 2333 1867 2389 fi<

189 2401 404 2450 militudo
422 2400 707 2461 adumbrari,
728 2398 802 2449 sed
823 2401 847 2448 a
872 2407 1009 2470 priori
1035 2421 1177 2471 quam
1204 2400 1421 2450 dissimilis
1450 2404 1762 2463 Geornetrice‚
1783 2401 1864 2452 etsi

189 2469 294 2518 alias
313 2470 465 2540 optice
484 2468 638 2529 simil&
654 2482 698 2520 ὃς
717 2471 900 2538 aequalis
913 2513 924 2533 ‚
944 2476 1120 2519 nemini
1145 2477 1191 2519 in·
1218 2475 1382 2539 opticis
1413 2471 1665 2542 aliquando
1691 2470 1865 2521 versato

189 2544 418 2589 coniicere
440 2558 538 2588 non
561 2540 684 2589 licet.

256 2610 525 2659 Dicendum
541 2614 682 2680 igitur
697 2620 741 2659 &
758 2610 1076 2680 colligendum
1094 2629 1146 2659 ex
1166 2609 1399 2679 praeallatis
1425 2610 1555 2678 quod
1584 2614 1734 2661 omnis
1763 2614 1855 2658 ima

187 2697 250 2746 go
271 2675 524 2727 secundum
546 2683 717 2727 redtam
747 2677 911 2747 speciei
937 2678 1010 2728 seu
1033 2681 1278 2749 pyramidis
1297 2684 1459 2747 opticae
1483 2676 1856 2727 intersectionem

186 2752 233 2796 in
249 2745 438 2815 planum
457 2747 653 2796 dedueta
673 2747 860 2796 exhibet
877 2746 1223 2798 similitudinem
1248 2747 1421 2797 obieeti
1444 2753 1582 2796 etiam
1607 2751 1860 2796 Geometri-

186 2821 339 2864 cami
352 2815 475 2864 haud
485 2821 776 2865 immutatam
793 2816 853 2865 ab
871 2804 1142 2888 affchetpr
1155 2825 1264 2888 quia
1282 2817 1334 2866 fit
1359 2816 1608 2866 secundum
1625 2813 1857 2879 aspeofflm

188 2887 435 2947 direEtum‚
453 2897 500 2934 Vt
518 2896 562 2935 &
577 2884 781 2955 aspectus
798 2885 972 2935 obiecti
991 2888 1186 2936 dii-estus
1212 2888 1298 2947 est,
1317 2884 1548 2955 supposito
1579 2880 1708 2955 quo-d
1733 2884 1861 2934 obie-

186 2959 313 3004 Ctum
333 2973 526 3025 quoque
545 2956 630 3004 stet
647 2974 700 3003 ex
719 2955 909 3004 aduerso
926 2957 984 3004 ad
1000 2961 1148 3005 rectos
1170 2955 1253 3026 ipsi
1269 2961 1338 3004 axi
1354 2961 1525 3023 optico.
1547 2959 1743 3005 Restant]
1752 2974 1863 3003 vero·

185 3043 403 3074 vocamus
421 3022 586 3094 speciei
603 3022 789 3073 visibilis
813 3022 887 3074 seu
907 3026 1152 3094 pyramidis
1172 3031 1335 3095 opticae
1351 3022 1859 3083 intersestionemssum

184 3094 326 3162 plano
345 3090 486 3161 ipsam
501 3091 789 3142 intersecanti
809 3100 900 3144 axis
921 3100 1102 3164 opticus
1125 3095 1183 3143 ad
1203 3100 1351 3144 festos
1370 3093 1600 3142 incumbit
1619 3116 1627 3141 ε
1649 3111 1695 3140 vt
1712 3093 1733 3136 ἐ
1755 3110 1860 3140 con-

185 3169 322 3211 trario
348 3160 594 3231 obliquam
621 3163 817 3211 dicimus
842 3161 1006 3231 speciei
1033 3161 1402 3212 intersectionem
1420 3204 1432 3224 ‚
1452 3182 1558 3211 cum
1588 3162 1775 3230 planum
1800 3166 1861 3229 ip-

185 3229 276 3281 sam
294 3230 567 3281 intersecans
589 3236 756 3300 excipit
773 3232 922 3281 radios
941 3238 1122 3301 opticos
1145 3244 1188 3283 ὃς
1206 3231 1351 3301 ipsum
1370 3250 1499 3281 axem
1519 3249 1599 3299 per
1620 3227 1860 3278 obiefifflm

184 3298 394 3369 profusos
412 3302 471 3350 ad
488 3300 683 3376 angulos
700 3298 1037 3369 obliquissimos
1053 3329 1065 3361 ·,
1079 3319 1175 3370 quo
1193 3301 1246 3350 fit
1264 3320 1312 3350 vt
1331 3318 1620 3369 quaecunque
1635 3303 1859 3368 imagines

187 3387 239 3417 ex
256 3369 450 3441 obliqua
470 3370 692 3420 eiusmodi
719 3368 1040 3420 intersedlione
1065 3369 1320 3431 delineatae,
1341 3369 1373 3418 si
1394 3389 1445 3417 ex
1468 3365 1655 3415 aduerso
1682 3364 1857 3435 conspi-

1544 3437 1594 3497 Q
1641 3442 1682 3501 iij
