2498 3898
636 264 701 298 126
959 251 1630 298 THAVMATVRGI
1701 251 2002 297 OPTICI

638 324 814 368 ciantur
846 319 901 367 ad
930 315 1054 367 bases
1081 323 1148 367 axi
1177 317 1382 379 reelas,a
1409 336 1625 384 germana
1657 317 1831 368 obiecti
1866 317 2162 367 fimilitudine
2189 334 2305 364 recc-

639 387 749 435 dant
769 386 867 456 plus
885 388 954 435 vel
974 392 1249 456 minus,quo
1271 376 1537 464 supponitur
1553 387 1787 458 obliquius
1808 387 1996 457 planum
2014 384 2309 446 intersecans,

638 461 745 526 quia
764 462 977 505 nimirum
999 461 1044 503 in
1068 456 1203 525 plano
1222 459 1519 506 intersecante
1531 457 1815 526 pyramidem
1825 462 2029 526 opticam
2040 456 2172 505 radiis
2185 452 2307 503 obli-

674 530 738 573 uis
753 567 763 586 ‚
777 541 871 573 non
897 526 1046 593 potest
1063 530 1362 593 repraelcntari
1385 524 1623 575 obieclum
1642 523 1724 575 nisi
1742 526 1874 575 radiis
1896 524 2180 594 obliquis:Vt
2192 542 2303 591 ergo

637 541 959 644 simulachrum
987 614 1038 642 ex
1060 594 1141 642 ista
1167 594 1486 644 intersefflone
1512 593 1707 665 obliqua
1738 592 2073 664 transumptum
2110 591 2305 642 similem

639 683 716 732 per
737 668 892 711 omnia
907 661 1078 712 obicsti
1110 660 1244 712 situm
1272 674 1315 713 <Se
1348 670 1544 733 partium
1568 665 1926 714 collocationem
1956 662 2192 723 exhibeat,
2212 660 2304 710 siue
2352 679 2354 681 ·

638 733 787 781 eidem
807 734 959 801 optice
983 730 1126 780 fimile
1145 729 1220 792 sit,
1242 751 1356 801 opus
1387 733 1452 781 est
1475 751 1523 782 vt
1551 735 1683 783 radiis
1713 734 1771 782 ad
1797 733 1986 782 oculum
2012 751 2091 793 per
2116 730 2304 800 planum

635 799 825 870 oblique
842 801 1001 850 delatis
1027 802 1472 869 comprehendam-3
1492 801 1704 871 ‘alioquin
1734 799 1764 849 si
1781 799 1895 851 visus
1924 808 1971 851 in
1998 800 2110 850 illud
2136 799 2304 849 direste

637 871 818 932 tendat,
837 870 1011 920 neceffe
1030 872 1094 920 est
1117 875 1313 919 intuenti
1334 870 1528 938 figuram
1558 870 1692 941 plane
1720 867 1976 920 dissimilem
2005 881 2048 921 ὃς
2076 870 2304 919 monstro-

638 937 750 1000 lam,
764 958 841 989 aut
858 959 980 989 certe
998 940 1083 989 alia
1105 944 1285 1009 penitus
1295 936 1572 990 referentem
1593 950 1821 1010 apparere.
1838 944 2014 989 Verum
2031 958 2079 988 vt
2101 940 2168 988 his
2194 958 2303 987 enu-

637 1003 791 1058 cle‘atis
809 1027 1088 1058 reuertamur
1106 1008 1163 1057 ad
1184 1007 1546 1078 propositionem
1563 1011 1776 1059 nostram.

707 1078 973 1127 Dicendum
989 1075 1131 1127 rursus
1153 1079 1283 1148 quod
1307 1079 1563 1130 constitutis
1585 1078 1722 1128 semel
1740 1079 1878 1129 oculo
1899 1091 1942 1130 &
1962 1078 2148 1128 obiecto
2166 1076 2190 1127 a
2208 1096 2303 1147 quo

639 1144 888 1215 specierum
908 1148 1020 1197 radii
1041 1167 1120 1217 per
1136 1145 1454 1217 interpositum
1474 1149 1663 1218 planum
1685 1154 1886 1198 emicent
1904 1161 1947 1199 &
1965 1154 2013 1197 in
2030 1145 2176 1217 ipsum
2194 1166 2304 1195 ocu-

639 1215 734 1263 lum
753 1214 1111 1285 profundantur,
1131 1215 1223 1266 siue
1242 1223 1385 1266 mauis
1405 1217 1462 1267 ab
1483 1216 1621 1268 oculo
1654 1219 1712 1266 ad
1740 1218 1925 1287 planum
1955 1237 2034 1287 per
2068 1215 2307 1265 obiecitum

638 1286 1325 1355 intermediumprotendantur,
1349 1306 1527 1336 mutato
1581 1291 1843 1336 uantumuis
1867 1287 1990 1356 plani
2016 1284 2097 1335 situ
2114 1290 2304 1346 ,immu-

638 1371 730 1402 tata
747 1360 883 1403 etiam
904 1361 1068 1424 quouis
1085 1356 1228 1404 modo
1257 1355 1373 1404 illius
1401 1307 1676 1405 obueriione
1699 1397 1711 1416 ‚
1736 1354 1768 1405 si
1797 1373 1953 1404 tamen
1981 1355 2104 1404 idem
2132 1351 2307 1422 semper

638 1427 799 1490 opticae
818 1425 1061 1492 pyramidis
1080 1442 1231 1472 vertex
1249 1422 1522 1493 perseuerat,
1545 1424 1757 1474 eamdem
1775 1442 1966 1493 quoque
1991 1420 2090 1472 fore
2124 1428 2309 1491 penitus·

636 1489 857 1541 visionem
888 1504 931 1543 δε
955 1490 1158 1542 ssmilem·
1176 1492 1350 1562 prorsus
1377 1493 1530 1564 figurae
1559 1499 1771 1563 quamuis
1805 1492 2095 1543 Geometrice
2127 1489 2306 1539 diuerla:

636 1566 950 1630 apparentiam
974 1561 1113 1611 oculo
1131 1560 1284 1610 debite
1303 1558 1546 1613 collocato·
1565 1563 1708 1622 Quod
1729 1582 1781 1611 ex
1801 1582 1856 1611 eo
1878 1564 2079 1622 constat,-
2093 1565 2200 1629 quia
2211 1579 2305 1608 rna-

637 1627 852 1680 uentibus
871 1629 1011 1680 causis
1064 1636 1245 1681 roximis
1269 1634 1604 1682 &immediatis
1622 1629 1828 1692 visionis,
1848 1649 2003 1680 manet
2027 1627 2138 1678 visio
2161 1649 2168 1677 ς
2191 1628 2305 1677 nihil

637 1703 761 1746 enim
780 1701 952 1767 pendet
971 1648 1058 1749 nili
1071 1699 1095 1748 ὲ
1111 1698 1252 1750 causis
1272 1701 1354 1751 suis
1375 1707 1588 1770 proximis
1609 1712 1652 1750 ἀ
1672 1701 1946 1750 immediatis
1964 1721 1975 1748 z
1995 1718 2039 1748 at
2056 1697 2080 1747 a
2095 1696 2189 1747 solo
2221 1716 2300 1766 py-

638 1769 819 1817 ramidis
841 1774 1002 1839 opticae
1018 1775 1207 1832 vertice,
1227 1775 1308 1839 qu'i
1326 1770 1618 1820 obiectorum
1640 1768 1808 1839 species
1831 1766 1978 1818 defert
1998 1774 2045 1816 in
2062 1786 2303 1837 organum,

637 1836 870 1906 dependet
886 1836 996 1887 visio
1027 1857 1248 1908 tanquam
1273 1836 1298 1888 a
1322 1838 1396 1889 sua
1423 1838 1552 1889 causa
1578 1844 1780 1909 proxima
1809 1848 1852 1888 &
1877 1838 2143 1887 immediata
2166 1859 2174 1887 ι
2196 1856 2308 1906 ergo

638 1905 749 1954 dum
765 1906 971 1956 manebit
989 1908 1113 1957 idem
1128 1925 1281 1957 vertex
1304 1910 1548 1979 pyramidis
1573 1913 1756 1973 optime,
1777 1906 1984 1957 manebit
2011 1925 2202 1977 quoque
2232 1925 2306 1954 ea-

637 1974 744 2022 dem
762 1973 871 2024 visio
892 1996 901 2026 3
922 1995 1018 2025 non
1037 1982 1161 2026 enim
1175 1975 1396 2027 visionem
1415 1974 1784 2046 causancspecies
1810 1995 1961 2026 rerum
1980 1973 2305 2026 intentionales

636 2060 684 2090 vt
701 2042 801 2094 sunt
820 2050 867 2095 in
882 2055 982 2095 aere
1003 2057 1046 2096 δε
1065 2065 1188 2096 extra
1213 2046 1425 2109 oculum,
1441 2045 1517 2096 sed
1538 2066 1584 2097 vt
1604 2051 1721 2096 intra
1749 2046 1893 2116 ipsum
1917 2045 2106 2095 oculum
2133 2042 2305 2113 allapsae

637 2112 695 2161 ad
710 2132 964 2165 concauam
983 2122 1134 2165 retinae
1152 2113 1460 2186 superficiem,
1479 2117 1608 2187 quod
1625 2115 1923 2185 explicuimus
1950 2114 2069 2164 libro
2088 2118 2235 2182 primo
2259 2118 2307 2160 in

637 2188 915 2254 experientia
930 2190 1111 2256 optica:
1132 2203 1349 2235 manente
1366 2205 1520 2236 autem
1547 2186 1714 2235 eodem
1732 2190 1893 2255 opticae
1912 2183 2154 2254 pyramidis
2172 2187 2306 2230 verti-

637 2270 716 2314 ce,
734 2254 901 2303 eodem
921 2255 1065 2304 modo
1084 2260 1130 2304 in
1157 2253 1248 2324 ipsa
1271 2274 1416 2305 retina
1441 2254 1610 2326 species
1648 2259 1712 2303 rei
1737 2252 2066 2323 consignantur
2084 2272 2094 2304 3
2115 2252 2180 2300 est
2197 2269 2305 2298 vero

637 2320 720 2388 ipsi
744 2320 905 2372 visioni
936 2335 980 2374 &
1003 2344 1179 2394 organo
1206 2323 1416 2374 sentienti
1443 2345 1522 2395 per
1549 2325 1762 2374 accidens
1780 2323 1910 2392 quod
1937 2325 2132 2390 pyramis
2152 2323 2308 2388 optica

639 2390 831 2440 diuersas
851 2392 1020 2443 habeat
1039 2392 1164 2443 bases
1181 2412 1258 2443 aut
1277 2393 1579 2444 diuerfimod:
1599 2391 1773 2442 secetur
1790 2411 1870 2460 per
1887 2391 2022 2461 plana
2040 2388 2306 2459 quomodo-

638 2475 823 2529 cunque
841 2460 1005 2532 posita,
1024 2464 1285 2524 directiora,
1302 2462 1588 2534 obliquiora,
1615 2465 1946 2531 propinquiqa
1961 2464 2120 2508 vertici
2143 2476 2220 2507 aut
2245 2456 2305 2506 ab

639 2529 806 2579 eodem
825 2537 1096 2585 remotioras
1120 2533 1212 2582 haec
1231 2538 1354 2582 enim
1373 2530 1479 2581 situs
1498 2542 1542 2582 δε
1572 2532 1788 2580 distantia:
1817 2527 2047 2578 diuersitas
2071 2533 2119 2575 in
2145 2545 2247 2575 toto
2272 2524 2306 2574 ss

637 2616 694 2646 ue
723 2604 770 2647 in
797 2599 999 2669 partibus
1026 2619 1123 2649 non
1155 2602 1332 2650 inducit
1354 2597 1663 2651 diuersitatem
1689 2596 1871 2646 visionis
1905 2616 1982 2645 aut
2016 2598 2304 2665 apparentiae,

639 2673 849 2735 quamuis
870 2669 1035 2720 efficiat
1052 2668 1359 2719 diuersitatem
1380 2675 1427 2719 in
1448 2665 1820 2739 proiectionibus.
1839 2666 1976 2715 Vnde
1996 2676 2038 2716 δε
2059 2662 2305 2712 obseruan-

638 2736 750 2788 dum
776 2739 840 2788 est
862 2758 1085 2810 magnum
1116 2738 1203 2788 esse
1239 2736 1479 2788 discrimen
1510 2743 1629 2788 inter
1655 2741 1718 2785 rei
1756 2739 2070 2805 apparentiam
2100 2731 2305 2781 absolute

638 2801 862 2877 sumptam
880 2820 924 2859 ὃς
943 2807 1142 2858 eiusdem
1162 2812 1515 2878 proiecstionem,
1526 2796 1724 2874 &longe
1738 2804 1875 2854 aliam
1891 2804 2188 2874 quaestionem
2201 2803 2304 2852 effei

636 2896 685 2929 vt
699 2873 830 2929 notat
847 2877 1145 2946 Aguilonius,
1166 2897 1260 2948 qua
1287 2883 1490 2945 queritur
1514 2880 1642 2935 cuius
1671 2872 1815 2943 figure
1845 2892 1913 2921 res
1949 2870 2134 2921 obieeta
2160 2869 2305 2919 oeulis

639 2945 944 3018 appareat,ab
964 2946 1038 2995 illa
1060 2966 1153 3017 qua
1170 2952 1271 3016 quis
1295 2951 1571 3016 interrogat,
1589 2964 1686 3014 quo
1711 2961 1764 2990 ea
1793 2946 1926 3011 pacsto
1946 2945 1994 2989 in
2019 2937 2305 3009 propositum

643 3016 828 3075 planum
857 3021 1146 3087 proficiatur?
1168 3034 1276 3064 nam
1305 3034 1522 3064 manente
1549 3012 1687 3063 oculo
1713 3030 1765 3060 ac
1791 3016 1855 3060 rei
1878 3008 1989 3071 situ,
2007 3012 2302 3078 quantumuis

639 3078 827 3146 planum
846 3092 892 3137 in
913 3103 1104 3134 omnem
1125 3102 1301 3154 partem
1324 3102 1528 3133 mutetur
1545 3124 1558 3145 ‚
1585 3081 1752 3130 eodem
1777 3097 1935 3129 tamen
1961 3075 2138 3147 semper
2158 3075 2302 3125 modo

639 3149 708 3203 {es
727 3173 941 3226 apparet3
961 3172 1006 3203 at
1026 3151 1275 3203 secundum
1292 3149 1518 3202 diuersum
1538 3151 1662 3221 plani
1681 3147 1815 3199 situm
1835 3147 1922 3197 alia
1947 3164 2090 3216 atque
2115 3145 2201 3195 alia
2218 3148 2302 3194 erit

641 3228 688 3271 in
706 3225 801 3295 ipso
822 3228 1045 3295 proietstio
1062 3244 1071 3270 :
1091 3227 1356 3292 apparentia
1369 3218 1536 3270 scilicet
1556 3240 1609 3270 ex
1629 3219 1827 3268 duorum
1855 3216 2090 3265 dumtaxat
2119 3211 2301 3263 habitu-

641 3290 747 3345 dine
770 3295 966 3363 pendet,
985 3296 1048 3342 rei
1070 3310 1238 3362 nempe
1270 3289 1461 3340 obieeta:
1487 3308 1628 3361 atque
1650 3291 1870 3337 intuentis
1908 3284 2059 3357 oculi3
2079 3285 2301 3351 proiectio
