2498 3898
621 248 691 284 116
899 233 1575 282 THAVMATVRGI
1652 228 1969 281 OPTICI

619 323 702 371 pro
735 302 961 368 capiendis
991 300 1200 349 mensuris
1227 297 1590 369 scenographicis
1631 298 1718 348 fiue
1755 301 1991 350 diminutis
2017 299 2313 352 obiectorum

624 369 1063 419 adumbrandorum.
2325 415 2335 426 ‚

690 445 785 488 Iam
803 457 909 486 vero
931 438 1118 485 inuenta
1135 438 1262 486 hui-us
1279 437 1435 507 anguli
1454 440 1564 486 sicut
1584 446 1626 484 δεῖ
1663 437 1856 486 aliorum
1884 436 2236 508 scenographia‚
2261 441 2322 488 ad

622 508 876 557 faciendam
908 508 1214 555 eleuationem
1243 508 1344 556 cubi
1368 547 1379 566 ,
1405 511 1527 555 cuius
1551 504 1662 554 latus
1692 511 1740 553 in
1773 511 2070 555 Geometrico
2094 511 2318 578 diagram.

632 580 677 626 X
694 582 734 626 X
749 583 788 626 X
801 580 859 624 V.
889 573 945 623 sit
966 581 1019 626 M
1032 579 1077 625 N
1093 614 1105 634 ‚
1125 577 1403 625 mensuretur
1421 577 1597 624 diCtum
1618 576 1732 623 latus
1751 581 1799 624 in
1827 572 1936 625 scala
1955 581 2001 626 Y
2019 578 2058 625 Z
2074 615 2088 633 ,
2104 577 2193 624 siue
2213 576 2323 625 alias

627 646 807 695 sciendo
828 643 972 711 ipsum
990 643 1072 693 effe
1096 645 1284 693 duorum
1303 647 1488 712 pedum,
1513 656 1557 695 &
1588 660 1758 714 quartae
1778 650 1915 714 partis
1932 645 2058 712 pedis
2077 648 2212 695 Vnius
2233 651 2323 694 cit—

628 720 756 771 cirer,
786 729 970 781 oportet
997 713 1023 761 e*
1041 718 1217 781 punem
1245 714 1584 782 scenographiae
1609 716 1677 769 G,
1699 714 1882 784 educere
1907 714 2324 784 perpendicularem

632 789 671 833 G
690 787 767 842 M,
797 783 992 831 duorum
1025 783 1193 851 pedum
1226 792 1269 832 δε
1296 799 1461 851 quartae
1488 779 1914 850 partiS,secundum
1949 782 2205 833 mensuram
2239 783 2321 830 de—

627 850 855 921 sumptam
877 856 923 900 in
941 849 1055 900 scala
1074 856 1101 899 F
1116 856 1156 900 T
1172 857 1240 908 Y,
1264 850 1390 919 super
1406 851 1663 918 parallelam
1693 851 1718 899 b
1750 855 1793 918 G
1810 873 1854 911 a,
1875 853 2060 901 dueiam
2088 871 2163 921 per
2200 871 2323 920 pun»

632 924 757 971 stum
779 926 819 970 G
840 941 850 973 3
872 918 1070 970 similiter
1099 924 1120 971 ὲ
1145 925 1325 989 Ρυηᾶὶε
1356 925 1402 969 Η
1433 931 1477 970 &
1506 925 1565 976 K,
1593 919 1828 971 educenda:
1853 920 1957 970 sunt
1988 921 2328 989 perpendicula·

631 1007 697 1038 res
717 995 766 1039 H
784 995 858 1050 O,
876 994 1002 1049 KN,
1026 991 1222 1038 duorum
1246 991 1413 1058 pedum
1438 1000 1482 1040 &
1508 1007 1676 1060 quartae
1705 982 1835 1039 vnius
1855 1030 1868 1051 ‚
1900 989 2146 1038 secundum
2178 993 2332 1038 diuer-

631 1059 724 1109 sam
747 1076 899 1108 tamen
919 1056 1173 1108 mensuram
1191 1059 1469 1127 desumptam
1495 1061 1682 1130 quidem
1702 1063 1747 1107 in
1770 1061 1929 1109 eadem
1953 1058 2088 1114 scala,
2108 1058 2180 1106 sed
2200 1057 2329 1126 supet

631 1127 890 1194 parallelam
922 1146 1020 1198 quae
1046 1126 1237 1177 transeat
1266 1146 1343 1196 per
1378 1130 1496 1177 KH.
1531 1133 1600 1177 Ita
1628 1147 1736 1178 vero
1766 1125 1955 1186 inuenta
1984 1132 2140 1176 omnia
2166 1125 2332 1175 sceno—

631 1196 830 1265 graphiae
863 1207 907 1247 &
942 1198 1205 1246 eleuationis
1235 1201 1407 1265 punsta
1436 1215 1650 1265 poterunt
1677 1203 2000 1247 conuenienter
2031 1200 2162 1245 restis
2201 1201 2331 1266 iungi

634 1267 761 1314 lineis
777 1295 798 1322 ‚-
824 1276 867 1315 ὃς
899 1267 1066 1315 cubum
1096 1265 1329 1315 efformare
1359 1267 1542 1335 qualern
1578 1268 1703 1315 vides
1730 1272 1776 1315 in
1795 1274 1833 1317 G
1849 1272 1896 1329 H
1912 1270 2040 1315 lKO
2056 1269 2087 1314 P
2102 1270 2146 1315 N
2164 1272 2218 1315 M
2238 1287 2248 1313 :
2274 1271 2331 1313 Et

634 1336 795 1384 eodem
826 1334 1000 1402 prorsus
1025 1337 1167 1384 modo
1195 1339 1450 1383 inuenietur
1481 1334 1832 1404 scenographica
1860 1331 2122 1403 apparentia
2146 1339 2336 1382 Terrae<

638 1406 705 1452 dri
739 1405 881 1472 edes,
911 1410 959 1452 in
982 1423 1076 1452 vno
1108 1401 1290 1452 suorum
1319 1405 1594 1472 angulorum
1632 1403 1877 1452 solidorum
1904 1403 2332 1471 perpendiculariter

639 1471 797 1541 positi,
819 1478 938 1521 cuius
957 1475 1079 1522 estin
1109 1476 1406 1521 Geometrico
1438 1473 1652 1543 diagram.
1685 1477 1730 1521 X
1748 1476 1790 1520 X
1807 1476 1921 1522 XV.
1954 1473 2259 1541 lenographia
2287 1478 2332 1524 R

643 1545 723 1590 ST
738 1580 751 1601 ,
773 1551 817 1590 &
837 1542 1217 1610 perpendicularis
1240 1548 1283 1590 O
1305 1545 1335 1590 P
1352 1579 1364 1600 ‚
1381 1547 1570 1590 inuenta
1597 1560 1647 1592 vt
1669 1546 1928 1590 monuimus
1955 1541 2012 1589 ad
2044 1539 2333 1607 propositio-

638 1629 744 1659 nem
763 1609 1023 1680 vigesimam
1047 1614 1226 1659 tertiam
1240 1612 1369 1658 huius
1387 1610 1822 1681 librizQuaequidern
1847 1629 1993 1678 pauca
2009 1610 2174 1657 debent
2200 1610 2336 1657 intel-

641 1680 889 1750 ligentibus
913 1679 1014 1727 satis
1035 1679 1140 1738 esse,
1162 1680 1541 1750 quandoquidem
1563 1680 1585 1728 ὲ
1610 1681 1782 1729 lineato
1809 1680 2117 1748 paradigmate
2145 1677 2335 1726 caeteris-

644 1766 735 1818 que
757 1753 805 1796 in
826 1749 912 1798 hae
945 1748 1100 1797 tabula
1126 1748 1349 1817 expreffis,
1374 1760 1418 1799 &
1440 1749 1463 1797 ὲ
1490 1749 1842 1817 praecedentibus
1868 1748 2335 1798 demonstrationibus

643 1818 772 1868 facile
795 1818 982 1886 possunt
1005 1822 1160 1867 omnia
1181 1834 1277 1886 quae
1293 1818 1349 1865 ad
1366 1820 1496 1866 huius
1514 1819 1724 1866 methodi
1744 1819 1997 1867 Theoriam
2019 1826 2061 1865 δε
2075 1820 2247 1885 praxim
2269 1833 2336 1865 at·-

646 1891 795 1935 tinent
815 1887 1216 1954 comprehendere,
1235 1888 1430 1957 ideoque
1458 1887 1512 1934 de
1530 1905 1580 1935 ea
1609 1887 1725 1935 nihil
1749 1888 1896 1935 dicam
1926 1886 2140 1953 ampliu3‚
2157 1895 2202 1934 &
2229 1887 2337 1934 huic

645 1954 764 2003 libro
789 1953 1055 2004 subnecstam
1074 1957 1372 2024 appendicem
1395 1957 1452 2004 de
1476 1956 1677 2026 quodam
1705 1958 2001 2026 proied'cionis
2020 1971 2180 2024 genere
2201 1953 2335 2024 quod

648 2023 903 2094 aliquando
939 2026 1086 2094 potest
1111 2026 1191 2075 esse
1219 2029 1264 2072 in
1295 2022 1386 2074 vsu.

1262 2136 1733 2213 APPENnix

699 2305 771 2351 De
784 2321 922 2370 genere
939 2304 1103 2376 quodam
1121 2303 1381 2372 proieflion1'5‚
1397 2305 1501 2374 quod
1516 2305 1690 2377 procedit
1707 2323 1755 2351 ex
1772 2302 1968 2367 indefinita
1987 2304 2080 2351 oculi
2096 2301 2291 2368 distcmria,¹

1205 2374 1404 2421 altitudine
1422 2391 1511 2422 vero
1521 2375 1719 2443 graduum
1731 2394 1759 2434 4
1765 2394 1796 2436 5.

659 2510 801 2649 T
815 2516 900 2564 Ria
921 2515 1259 2580 proieffionum
1278 2530 1439 2581 genera
1454 2512 1692 2583 distinguit
1704 2516 1771 2560 Fr.
1790 2511 2067 2582 Aguilonius
2083 2515 2132 2559 in
2154 2513 2341 2579 Opticis

813 2581 890 2628 lib.
908 2593 952 2628 6.
969 2584 1171 2630 Primum
1185 2600 1236 2627 ex
1249 2582 1456 2630 distantia
1475 2583 1596 2630 oculi
1615 2579 2146 2630 indefinita25ecundu1n
2160 2596 2211 2627 ex
2231 2578 2347 2628 eius.

656 2652 760 2700 dem
781 2659 825 2698 &
847 2647 976 2716 ipsius
994 2653 1057 2697 rei
1077 2648 1148 2697 seu
1166 2649 1333 2698 obieeh
1353 2655 1571 2699 contaetu
1591 2676 1602 2699 ι
1623 2652 1834 2698 Tertium
1851 2670 1902 2698 ex
1929 2650 2041 2699 iusto
2061 2649 2181 2697 oculi
2208 2652 2346 2697 inter-

656 2720 803 2778 uallo,
827 2736 911 2786 pro
934 2718 1099 2788 quibus
1116 2720 1242 2768 affert
1269 2721 1521 2787 exemplum
1540 2742 1551 2775 ;
1571 2724 1720 2788 primo
1749 2719 1805 2768 de
1833 2718 2003 2788 sphaera
2029 2715 2109 2766 soli
2141 2716 2346 2786 expofita

657 2795 776 2837 cuius
802 2791 1130 2855 proiedrionem
1160 2788 1181 2836 ἐ
1209 2789 1338 2837 radiis
1363 2786 1577 2838 solaribus
1609 2789 1781 2839 fa<stam
1818 2782 2121 2857 postpositum
2153 2786 2348 2856 aliquod

658 2858 844 2926 planum
859 2861 1049 2924 excipiat
1066 2878 1078 2904 :
1096 2858 1306 2906 Secundo
1328 2859 1383 2907 de
1400 2859 1553 2907 cadem
1574 2857 1743 2928 sphaera
1760 2862 1830 2906 cui
1847 2858 2028 2907 candela
2045 2861 2252 2925 proxime
2269 2857 2350 2906 ad-

661 2941 893 2977 moncatur
917 2927 973 2975 ad
989 2926 1175 2997 aliquod
1197 2932 1434 2998 aequatoris
1450 2932 1682 2996 puriorum.
1704 2931 1863 2974 Tertio
1886 2927 1941 2974 de
1962 2927 2118 2976 eadem
2143 2929 2212 2974 cui
2239 2929 2350 2974 canss

658 2997 758 3044 dela
799 3012 987 3065 quoque
1022 3016 1072 3044 ex
1113 2998 1224 3044 iusto
1267 2998 1507 3046 interuallo
1545 2999 1812 3049 obiiciatur,·
1836 3012 2006 3044 certum
2045 2996 2104 3043 est
2121 3033 2135 3053 ,
2163 3011 2349 3062 propter

664 3061 1066 3130 transpositionem
1086 3065 1289 3125 luminis,
1312 3067 1441 3136 quod
1460 3067 1533 3114 hic
1548 3065 1668 3114 oculi
1689 3070 1832 3115 vicem
1850 3064 1991 3125 subit,
2008 3062 2195 3115 diuersas
2223 3081 2350 3132 quo-

670 3152 758 3204 que
783 3132 885 3183 fore
914 3138 1237 3201 proiecstiones,
1265 3138 1354 3184 esto
1371 3156 1382 3189 3
1401 3135 1498 3194 sed,
1519 3136 1748 3206 quidquid
1782 3135 1903 3183 dicat
1931 3133 2204 3205 Aguilonius
2234 3131 2349 3181 dum

664 3207 760 3272 agit
793 3202 849 3249 de
881 3202 1232 3272 ortographice‚
1263 3210 1410 3273 primo
1439 3223 1603 3275 genere
1627 3207 1922 3273 proicerionis
1956 3203 2086 3275 quod
2118 3201 2349 3252 infinitam

667 3271 788 3320 oculi
805 3269 1060 3319 distantiam
1093 3269 1307 3339 supponit
1327 3313 1338 3333 ,
1361 3283 1405 3324 ὃς
1431 3273 1643 3340 explicare
1670 3276 1834 3323 nititur
1859 3274 2099 3342 quomodo
2121 3271 2168 3318 id
2193 3273 2348 3320 veniat

665 3340 1034 3412 intelligendum,
1060 3339 1213 3388 melius
1232 3344 1343 3390 mihi
1363 3344 1539 3393 videtur
1559 3340 1719 3392 sentire
1741 3343 1918 3392 Gnidus
1939 3340 2146 3394 Vbaldus
2165 3340 2223 3389 ad
2250 3340 2346 3410 pla-
