2498 3898
667 215 689 253 3
864 203 1421 264 PRAELvnlvM
1495 206 2175 259 GEOMETRICVM.

665 284 752 342 prb
779 275 945 343 quibus
969 269 1195 321 soluendis
1218 291 1377 340 praexes
1396 275 1625 342 expeditas
1650 283 1694 325 δε
1717 275 1940 324 mirabiles
1977 277 2242 344 praei'cribit3
2263 284 2341 345 qui

665 361 774 414 ergo
803 343 1091 391 instrumenti
1123 344 1253 390 huius
1283 346 1497 391 notitiam
1526 342 1736 392 habuerit
1760 383 1773 400 ,
1800 363 1882 412 pro
1917 345 2167 393 diuidenda
2194 351 2240 394 in
2271 346 2341 395 sex

663 428 810 480 partes
827 411 1014 481 aequales
1034 408 1269 479 proposita
1291 412 1406 461 linea
1426 412 1540 460 nihil
1557 410 1698 461 babet
1729 414 1848 461 aliud
1869 416 2104 482 agendum
2128 433 2263 483 quam
2289 435 2339 463 vr

661 483 883 548 praedictae
900 480 1022 529 lineae
1039 485 1075 529 A
1091 484 1121 528 Β
1137 481 1503 551 magnitudinem
1520 486 1753 530 communi
1774 482 2063 549 desumptam
2086 487 2253 532 circino
2266 485 2334 535 fc‘

664 566 731 597 rat
743 547 1042 616 superlineam
1054 553 1248 618 partium
1260 551 1500 620 aequalium
1513 554 1560 599 in
1571 554 1740 600 circino
1754 554 2114 621 proportionum
2133 554 2193 602 ad
2214 573 2338 622 aper-

663 634 808 666 turam
817 635 1107 666 numerorum
1128 641 1140 665 1
1152 638 1210 667 20
1235 614 1503 679 transuerse,
1517 636 1613 689 quo
1630 638 1842 669 manente
1856 638 2011 688 aperto
2025 622 2215 670 adhunc
2230 643 2337 672 mo-

662 686 770 734 dum
789 684 986 735 sumetur
1006 692 1238 736 communi
1257 691 1424 736 circino
1443 692 1491 736 in
1506 689 1668 738 eodem
1681 690 1984 739 instrumento
1999 694 2198 759 partium
2211 710 2337 761 aper-

662 770 758 803 tura
776 772 1066 804 numerorum
1089 776 1162 805 20.
1184 758 1291 805 hinc
1315 757 1421 805 inde
1441 774 1539 828 quae
1551 761 1630 806 erit
1652 755 1772 806 sexta
1791 777 1890 827 pars
1917 758 2040 808 lineae
2062 760 2336 821 diuidendae,

663 827 770 892 quia
782 822 914 873 sexies
925 845 949 872 2
958 843 1002 873 o.
1014 822 1189 875 faciunt
1203 846 1249 874 12.
1261 845 1303 875 0.
1319 822 1469 898 sicque
1480 827 1735 897 proceditur
1753 825 1920 895 semper
1933 831 1979 877 in
1991 829 2252 878 diuidendis
2265 850 2336 880 re·

664 895 745 942 &cis
766 892 896 944 lineis
920 914 930 947 ς
954 899 1143 962 ponitur
1171 899 1293 944 enim
1319 895 1566 966 longitudo
1594 897 1717 945 lineae
1743 896 1997 947 diuidenda:
2024 895 2148 964 super
2169 901 2334 949 instru-

660 974 866 1012 mentum
884 968 1083 1031 partium
1121 962 1193 1013 seu
1216 969 1433 1014 circinum
1460 969 1823 1036 proportionum
1851 970 1900 1014 in
1924 967 2042 1015 linea
2064 972 2258 1033 partium
2281 990 2337 1019 εε-

662 1031 863 1100 qualium
881 1032 940 1081 ad
966 1051 1215 1103 aperturam
1233 1035 1417 1084 alicuius
1436 1040 1609 1085 numeri
1630 1040 1712 1107 qui
1741 1036 1984 1085 commode
2018 1035 2153 1103 poffit
2191 1038 2337 1088 diuidi

660 1105 708 1149 in
730 1115 804 1149 tot
825 1118 969 1170 partes
989 1106 1196 1174 aequales,
1218 1107 1267 1151 in
1291 1121 1408 1175 quot
1428 1104 1563 1154 nobis
1584 1106 1827 1155 diuidenda
1850 1104 1909 1153 cst
1929 1105 2049 1154 linea
2067 1103 2326 1175 proposita,

659 1171 812 1240 postea
831 1178 1070 1222 communi
1089 1178 1257 1223 circino
1276 1172 1463 1223 sumitur
1485 1179 1532 1224 in
1549 1176 1707 1224 eadem
1725 1176 1841 1223 linea
1857 1181 2052 1242 partium
2065 1177 2325 1245 aequalium,

654 1241 936 1310 magnitudo
955 1259 1170 1311 aperturae
1190 1246 1363 1292 numeri
1386 1247 1643 1320 quotientis
1668 1255 1711 1294 δε
1742 1244 1933 1292 habetur
1964 1244 2230 1314 requisitum
2249 1285 2260 1305 ,
2290 1252 2336 1295 in

657 1309 972 1379 paradigmate
990 1331 1032 1361 v.
1057 1329 1100 1383 g.
1122 1331 1327 1362 numerus
1358 1307 1572 1381 quotiens
1601 1317 1774 1362 numeri
1801 1332 1904 1360 120.
1923 1333 2000 1382 per
2031 1311 2102 1361 sex
2123 1311 2253 1363 diuisi
2274 1311 2344 1364 est*

662 1398 686 1427 2
698 1398 741 1428 0.
759 1381 900 1448 igitur
919 1380 1040 1429 linea
1059 1384 1238 1452 integra
1256 1377 1404 1449 posita
1421 1381 1544 1450 super
1556 1384 1904 1431 instrumentum
1917 1385 2114 1450 partium
2128 1421 2139 1440 ,
2153 1386 2198 1432 in
2214 1385 2330 1433 linea

658 1451 856 1518 partium
873 1451 1115 1518 aequalium
1133 1452 1190 1499 ad
1208 1466 1462 1518 aperturam
1482 1455 1660 1500 numeri
1691 1473 1705 1497 ι
1718 1476 1736 1500 z.
1749 1469 1790 1499 o.
1815 1451 2096 1520 magnitudo
2117 1469 2329 1519 apertura?

656 1519 833 1565 numeri
857 1535 931 1565 20.
955 1513 1123 1568 sextam
1153 1519 1266 1569 illius
1285 1534 1461 1588 partem
1483 1521 1590 1570 iuste
1616 1518 1785 1571 referet.

1052 1661 1623 1710 PROPOSITIO
1701 1664 1924 1711 sXTA

850 1797 1048 1847 Circulum
1073 1797 1207 1846 datum
1224 1801 1263 1847 in
1287 1817 1332 1858 4.
1355 1809 1395 1849 8.
1410 1809 1480 1848 ¹6.
1501 1812 1595 1857 &a
1611 1818 1753 1873 partes
1768 1803 1926 1871 aequales
1944 1802 2124 1853 diuidere.

817 1936 1064 1986 Iuidendus
1080 1935 1215 1988 nobis
1236 1936 1290 1989 sit
1304 1943 1355 1989 in
1373 1938 1703 2010 diagrammate
1720 1961 1744 1989 ι
1752 1962 1785 2002 3.
1801 1942 1965 1991 tabulae
1977 1943 2129 2009 primae
2140 1939 2329 1989 circulus

814 2014 853 2055 A
867 2011 906 2056 C
922 2005 1140 2057 BD:duae
1162 2012 1361 2076 primum
1380 2009 1589 2057 diametri
1618 2007 1813 2059 secantes
1834 2009 1877 2059 se
1906 2028 2066 2059 mutuo
2094 2015 2142 2059 in
2168 2015 2200 2058 E
2221 2029 2331 2057 cen—

650 2092 728 2126 tro
758 2076 818 2126 ad
842 2075 1034 2147 angulos
1062 2080 1210 2126 redtos
1237 2095 1408 2128 certum
1437 2078 1497 2127 est
1519 2077 1650 2147 quod
1679 2077 2089 2128 circumferentiam
2117 2078 2330 2127 ‹liuidant

654 2149 703 2194 in
726 2148 927 2216 quatuor
943 2162 1090 2213 partes
1115 2148 1307 2217 aequales
1332 2165 1449 2219 quos
1467 2148 1742 2218 quadrantes
1767 2150 2177 2218 vocant‚ideoque
2197 2146 2229 2194 fi
2257 2165 2331 2213 per

656 2212 827 2264 sextam
850 2236 896 2276 4.
920 2215 1040 2265 Elem
1082 2220 1213 2265 rectae
1244 2217 1468 2266 ducantur
1497 2217 1622 2266 lineae
1652 2217 1711 2265 ab
1734 2223 1773 2268 A
1791 2221 1843 2266 in
1865 2225 1904 2267 C
1920 2256 1934 2275 ‚
1950 2217 1975 2266 a
1996 2224 2035 2267 C
2059 2221 2105 2265 in
2127 2220 2157 2265 Β
2181 2213 2204 2265 ὲ
2229 2218 2258 2262 Β
2282 2220 2327 2267 in

655 2289 700 2334 D
714 2324 728 2346 ‚
746 2281 772 2332 a
792 2289 836 2334 D
859 2288 906 2334 in
925 2289 964 2335 A
986 2283 1250 2354 inscriptum
1262 2286 1574 2354 eritpraedit‘sto
1587 2286 1752 2336 circulo
1768 2287 2043 2356 quadratum
2059 2284 2324 2355 perfcessmm.

650 2354 795 2422 Qod
816 2349 850 2400 fi
872 2357 1181 2424 oditogonum.
1201 2358 1229 2403 i.
1252 2354 1440 2428 figuram
1467 2355 1651 2424 planam
1681 2360 1793 2404 οᾶο
1822 2355 2009 2404 laterum
2037 2355 2325 2423 totidemque

652 2422 927 2495 angulorum
958 2424 1103 2473 eidem
1119 2425 1285 2474 circulo
1303 2432 1369 2476 vis
1387 2420 1649 2480 inscribere,
1672 2424 1926 2495 quemlibet
1938 2424 2086 2472 circuli
2101 2423 2325 2493 quadran-

596 2540 605 2548 „
652 2509 743 2541 tem
763 2498 811 2542 in
834 2494 940 2541 duas
963 2509 1109 2561 partes
1127 2494 1318 2564 :equales
1337 2493 1490 2542 diuide
1509 2494 1601 2542 hoc
1623 2493 1768 2542 modo
1788 2514 1800 2548 ·‚
1821 2513 1873 2541 ex
1896 2496 2077 2562 punctis
2098 2500 2136 2542 C
2156 2503 2200 2541 δε
2229 2494 2257 2538 Β
2274 2510 2323 2541 vt

651 2565 810 2610 centris
833 2563 1075 2611 interuallo
1097 2563 1153 2611 ad
1174 2558 1409 2613 arbitrium
1429 2559 1463 2612 si
1482 2563 1629 2612 modo
1649 2567 1789 2611 maius
1814 2560 1948 2612 fuerit
1959 2563 2195 2610 medietate
2208 2578 2324 2629 qua-

652 2630 823 2680 drantis
854 2632 1029 2689 circuli,
1056 2630 1254 2681 describe
1285 2651 1410 2682 arcus
1431 2636 1460 2681 F
1481 2641 1525 2682 δε
1551 2638 1591 2682 G
1615 2629 1925 2681 intersecantes
1952 2628 1995 2695 se
2016 2647 2176 2680 mutuo
2204 2635 2322 2679 intra

653 2709 697 2750 &
709 2716 831 2748 extra
846 2702 1141 2771 pqripheriam
1155 2701 1305 2750 circuli
1316 2700 1551 2750 diuidendi
1564 2741 1576 2761 ,
1587 2705 1678 2751 iam
1696 2702 1730 2750 fi
1748 2719 1826 2770 per
1844 2701 1937 2749 haec
1949 2697 2323 2760 intersccstionum

648 2772 822 2837 pundta
835 2772 954 2819 resta
972 2786 1132 2842 agatur
1146 2771 1390 2827 linea,haec
1407 2770 1813 2820 circumferentiam
1832 2769 1906 2820 seu
1920 2788 2068 2818 arcum
2089 2770 2316 2839 quadran—

651 2841 706 2886 tis
732 2839 881 2887 circuli
901 2844 941 2890 C
956 2843 987 2889 B
1005 2846 1053 2889 in
1074 2841 1180 2889 duas
1200 2858 1346 2908 partes
1366 2839 1557 2910 aequales
1587 2841 1760 2889 diuidet
1784 2850 1829 2890 &
1850 2842 2061 2887 oetauam
2083 2842 2222 2886 totius
2234 2841 2327 2885 cir-e

648 2908 734 2955 culi
755 2923 928 2974 partem
947 2909 1213 2959 definiendo
1226 2911 1617 2980 ‚dabitoctogoni
1635 2908 1907 2969 latuseidem
1927 2911 1986 2958 cir
2045 2907 2091 2957 lo
2106 2905 2318 2974 inscripti:

650 2972 744 3043 ipsa
764 2994 872 3024 vero
898 2982 1063 3028 octaua
1084 2982 1227 3027 totius
1246 2977 1613 3028 circumferentiae
1633 2981 1790 3046 portio
1807 2979 1961 3046 per'ea
2057 2996 2100 3025 m
2134 2976 2320 3025 metho-

651 3046 759 3094 dum
778 3047 828 3093 in
847 3046 957 3094 duas
977 3048 1167 3118 aequales
1187 3047 1330 3097 diuisa
1348 3065 1511 3116 parteS,
1524 3047 1633 3095 dum
1647 3045 1944 3096 determinabi
2066 3051 2205 3095 imam
2216 3041 2316 3092 sex-

651 3128 744 3162 tam
764 3111 961 3165 eiusdem
979 3116 1343 3167 circumferentiae
1363 3133 1550 3184 partem,
1564 3117 1693 3165 dabit
1709 3115 2317 3187 quoquelatushexdecago=--

648 3186 697 3230 ni
718 3179 789 3231 seu
809 3182 958 3253 figurae
977 3187 1122 3253 planae
1143 3186 1381 3254 rectilineae
1398 3184 1613 3236 sexdecim
1643 3187 1914 3258 angulorum
1935 3186 2225 3255 totidemque
2250 3184 2313 3231 lam

651 3265 793 3301 terum
813 3255 957 3305 eidem
976 3255 1140 3305 circulo
1159 3254 1376 3327 inscriptae
1389 3295 1402 3315 ,
1419 3265 1503 3307 &o

2022 3397 2311 3465 coxon
