2498 3898
636 252 886 302 LIBER
959 256 1422 304 SECVNDVS.
1788 277 1853 322 ²43

196 325 371 394 angulis
384 365 396 385 ,
419 325 709 392 totidemque
729 322 967 381 lateribus,
984 321 1018 371 si
1036 342 1123 372 tres
1141 321 1287 372 solum
1303 329 1505 386 noueris,
1526 326 1619 374 duo
1642 328 1853 378 videlicet

192 393 330 442 latera
350 404 395 442 δε
410 392 630 461 angulum
644 434 654 453 ‚
672 390 743 440 vel
764 392 878 440 duos
894 391 1086 462 angulos
1110 403 1154 441 δε
1171 392 1284 441 latus
1302 413 1442 442 vnum
1455 436 1466 455 ‚
1478 390 1698 443 &cfacile‘
1712 414 1851 463 queas

188 463 280 510 istis
299 466 498 530 cognitis
519 466 566 508 in
582 460 769 509 aliarum
788 466 1004 528 partium,
1023 458 1115 508 fiue
1135 460 1327 509 laterum
1340 504 1351 522 ‚
1369 461 1461 510 siue
1481 462 1758 533 angulorum
1774 480 1851 512 no-

190 535 335 578 titiam
356 531 571 579 deuenire
591 552 600 577 :
620 547 804 598 oportet
822 548 932 598 ergo
962 546 1109 598 partes
1135 527 1245 597 ipsas
1274 536 1391 578 inter
1415 530 1456 579 se
1484 532 1846 600 proportionales

190 599 276 647 effe
302 610 346 649 ἃς
370 618 524 647 earum
556 603 875 667 proportiones
904 595 1001 646 sciri
1028 625 1038 658 3
1069 597 1191 656 Quia
1223 616 1331 646 vero
1364 598 1460 647 sciri
1491 618 1730 669 nequeunt
1765 600 1848 649 nifi

187 669 301 737 quid
340 669 418 717 uid
437 670 501 716 est
519 673 565 714 in
585 665 817 734 triangulis
836 666 1051 715 circulare
1075 675 1147 724 (vt
1163 668 1317 737 anguli
1338 673 1384 716 in
1411 667 1627 718 omnibus
1655 675 1851 739 triangu-

186 737 239 785 lis
261 747 304 786 ὃς
334 755 459 785 atera
480 741 527 783 in
543 733 761 804 sphaericis
780 745 792 795 )
811 736 868 784 ad
886 735 1025 784 lineas
1044 740 1184 785 recitas
1209 737 1450 785 reducatur
1469 766 1480 797 3
1505 738 1677 787 idcirco
1701 737 1725 787 a
1745 742 1848 787 Ma-

186 804 363 854 theseos
394 802 675 873 principibus
698 804 969 873 Hipparcho
1000 815 1044 854 δε
1069 804 1163 853 aliis
1199 805 1404 853 reductio
1432 806 1507 853 illa
1532 806 1851 874 sapientiffime*

184 879 443 944 excogitata
459 874 542 934 est,
559 893 638 942 per
664 873 1095 922 determinationem
1112 875 1377 942 quantitatis
1397 892 1537 942 quam
1564 879 1693 923 κέλ-Ξ
1720 875 1847 924 lineae

182 942 259 991 tali
276 944 446 1005 modo,
465 944 521 992 ad
541 942 678 990 talem
698 942 853 991 circuli
870 960 1028 991 arcu—m>
1049 942 1283 1010 applicatae
1304 941 1478 991 habent
1496 941 1699 1010 respedtu
1722 941 1846 993 semi-

182 1012 391 1061 diametri
408 1009 607 1060 eiusdem
621 1010 801 1072 circuli,
814 1029 954 1080 quam
971 1010 1148 1058 radium
1168 1009 1315 1058 solent
1332 1011 1581 1079 appellare,
1598 1013 1727 1079 quod
1750 1018 1845 1081 qui-

180 1081 286 1128 dem
303 1083 453 1149 potest
480 1078 653 1128 absolui
678 1078 906 1128 beneficio
937 1078 1108 1127 linealis
1136 1090 1180 1129 ὃς
1208 1084 1364 1127 circini
1383 1084 1640 1128 communis
1663 1081 1843 1141 3multo

176 1168 284 1197 vcro
304 1147 477 1198 facilius
497 1160 540 1198 &
558 1149 810 1216 expeditius
829 1168 910 1216 per
925 1149 1278 1196 instrumentum
1298 1153 1515 1215 partium,
1530 1147 1603 1196 seu
1613 1155 1841 1198 circinum-

175 1223 529 1287 proportionum
551 1238 560 1264 ε
580 1215 655 1265 ἑά
682 1215 1046 1265 vniuersaliffima
1070 1227 1114 1265 ὃς
1142 1215 1382 1265 certissima
1417 1223 1626 1264 omnium
1660 1217 1843 1266 metho-

175 1287 282 1348 dus,
301 1285 497 1335 maxime?
516 1305 624 1334 vero
641 1305 724 1355 pro
747 1285 984 1356 triangulis
1012 1285 1307 1355 rectangulis,
1329 1290 1376 1332 in
1402 1303 1519 1354 quos
1550 1285 1731 1353 possunt
1767 1286 1838 1345 ahl

172 1374 335 1404 omnes
352 1354 536 1415 resolui,
557 1374 637 1423 per
659 1354 834 1404 tabulas
855 1355 913 1404 ad
927 1354 1017 1403 hoc
1034 1355 1312 1404 constructas
1338 1355 1548 1422 procedit
1574 1375 1584 1401 t
1605 1354 1662 1401 ad
1683 1373 1839 1403 earum

171 1443 325 1474 autem
346 1423 699 1493 intelligentiam
726 1435 770 1474 δε
785 1421 932 1485 vsum,
950 1424 1192 1472 necessaria
1209 1424 1296 1484 est,
1317 1441 1364 1471 vt
1387 1424 1601 1484 diximus,
1627 1436 1843 1491 quorum*

170 1495 278 1542 dam
302 1499 603 1542 terminorum
622 1499 702 1562 qui
720 1500 766 1541 in
784 1495 872 1542 istis
899 1490 1065 1542 tabulis
1088 1491 1263 1560 semper
1289 1490 1573 1559 vsurpantur‚
1597 1490 1837 1559 explicatio

170 1581 311 1632 quam
341 1568 678 1632 praemittimus‚
697 1581 745 1611 vt
771 1564 828 1611 ad
858 1562 998 1610 nostri
1027 1556 1325 1628 problematis
1353 1561 1509 1628 postea
1536 1556 1836 1609 construetio-

165 1651 274 1681 nem
291 1637 549 1692 veniamus,
572 1637 619 1679 in
640 1649 786 1700 eaque
805 1642 849 1680 &
866 1627 1088 1678 similibus
1121 1627 1381 1677 tabularum
1407 1626 1554 1689 Vsum,
1578 1625 1750 1697 absque
1781 1643 1837 1677 eo

167 1701 298 1771 quod
316 1702 495 1750 neceffe
512 1698 566 1749 sit
584 1700 761 1748 illarum
782 1700 1172 1750 conffludhonem
1190 1699 1386 1758 nouisse,
1408 1697 1695 1746 edoceamus.

240 1771 488 1822 Sciendum
521 1774 661 1840 igitur
690 1771 754 1819 est
791 1773 1010 1838 imprimis
1031 1809 1045 1829 ,
1070 1765 1304 1835 supposita?
1332 1784 1384 1815 ex
1425 1766 1643 1834 praeludio
1680 1767 1836 1815 nostro

164 1844 489 1901 Geometrico‚
507 1844 746 1889 communi
772 1836 995 1888 diuisione
1024 1837 1182 1886 circuli
1209 1843 1255 1885 in
1274 1853 1421 1906 partes
1449 1831 1522 1882 seu
1553 1834 1720 1904 gradus
1742 1849 1833 1896 360,

162 1909 470 1959 &cuiussibet
488 1910 653 1979 gradus
679 1914 726 1957 in
746 1922 806 1960 60
826 1913 1027 1967 minuta,
1048 1917 1130 1956 δας.
1149 1925 1201 1954 ex
1220 1904 1390 1976 quibu-s
1410 1909 1620 1952 omnium
1641 1903 1837 1972 anguloz

162 1998 266 2027 rum
294 1984 523 2048 quantitas
554 1976 815 2049 agnoscitur
835 1974 1105 2038 ·‚·sciendum
1125 2018 1137 2036 ‚
1164 1980 1378 2045 inquam,
1399 1974 1463 2022 est
1495 1990 1650 2021 arcum
1678 1972 1836 2021 circuli

164 2049 250 2096 esse
269 2066 446 2116 partem
464 2049 727 2119 peripheriae
749 2047 950 2097 eiusdem
977 2045 1133 2094 circuli
1150 2073 1160 2105 3
1179 2045 1334 2095 Potest
1357 2061 1466 2092 vero
1497 2040 1656 2110 triplex
1682 2045 1851 2109 praeci-³·

160 2116 252 2184 put?
289 2116 446 2167 circuli
475 2137 603 2167 arcus
630 2115 903 2166 considerari
926 2144 936 2175 ·,
956 2130 1124 2183 nempe
1152 2114 1402 2183 quadrans,
1426 2130 1553 2160 arcus
1581 2110 1837 2179 quadrante·

160 2191 330 2248 maior,
353 2185 427 2235 sed
447 2184 729 2236 semicirculo
756 2192 935 2245 minoi-3
956 2196 1000 2235 &
1025 2203 1151 2234 arcus
1220 2183 1437 2231 uadrante
1464 2185 1614 2230 minor
1636 2207 1647 2239 3
1668 2175 1765 2227 vtfi
1784 2184 1834 2244 in

160 2253 371 2322 apposito
390 2254 618 2304 schemate
639 2252 940 2305 semicirculus
963 2258 1057 2304 AK
1071 2259 1132 2314 C,
1145 2200 1354 2301 bisariam
1373 2249 1546 2300 secetur
1565 2268 1645 2318 per
1665 2252 1837 2296 restam

162 2328 273 2386 ΒΚ,
303 2326 587 2393 ducaturque
615 2321 641 2372 a
668 2342 828 2373 centro
848 2331 880 2373 B
902 2365 913 2383 ‚
941 2323 999 2371 ad
1033 2318 1450 2371 circumferentiam
1478 2323 1573 2368 ΑΚ
1602 2317 1688 2366 alia
1715 2316 1834 2365 linea

161 2396 244 2441 BL
269 2421 279 2453 3
301 2399 384 2442 erit
405 2397 499 2442 ΑΚ
517 2392 743 2462 quadrans
764 2392 942 2454 circuli,
963 2410 1090 2441 arcus
1114 2397 1222 2453 AL,
1241 2392 1495 2460 quadrante
1517 2393 1692 2447 minor,
1712 2396 1849 2434 &ara

158 2479 237 2510 cus
255 2469 296 2513 C
307 2468 348 2512 K
357 2469 393 2512 L
405 2504 417 2524 ‚
431 2463 682 2532 quadrante
694 2469 734 2512 C
745 2467 785 2511 K
797 2506 809 2525 ‚
821 2458 1059 2522 maior‚sed

157 2527 440 2581 semicirculo
459 2537 621 2580 minor.

225 2601 408 2651 Illarum
434 2620 541 2649 vero
569 2618 667 2669 quae
686 2602 899 2650 dicuntur
915 2600 1060 2670 appli-

158 2687 267 2718 catae
290 2670 462 2720 circulo
478 2707 493 2723 ,
521 2688 720 2738 quatuor
746 2669 846 2719 sunt
862 2667 1056 2740 species,

156 2755 325 2807 nempe
357 2737 571 2787 subtenlae
594 2777 607 2798 ‚
638 2736 783 2800 finus,
817 2758 1056 2808 tangentes

155 2825 298 2876 atque
318 2805 529 2857 secantes.
567 2844 569 2846 -
1081 2869 1085 2874 =

227 2875 463 2941 Subtensar
478 2878 542 2926 est
564 2877 683 2925 linea
710 2874 881 2943 circulo
905 2874 1057 2926 inscri-

156 2963 252 3014 pta,
274 2947 490 2995 eumdem
509 2951 557 2993 in
574 2946 665 2994 duo
683 2943 916 3015 segmenta
941 2946 1056 2994 diui-

155 3014 266 3064 dens
285 3057 298 3076 ‚
322 3034 520 3083 quorum
550 3020 634 3063 Vtri
674 3033 730 3062 ue
753 3012 1052 3076 subtenditur,

156 3084 314 3153 estque
331 3083 403 3131 vel
421 3091 617 3134 maxima
631 3031 671 3131 ss
682 3102 763 3151 per
778 3085 935 3134 circuli
948 3105 1055 3134 cen-

156 3171 277 3202 trum
297 3150 514 3203 transiens
535 3149 682 3221 ipsum
702 3149 911 3203 bifariam
941 3156 1056 3202 diui-

155 3222 301 3283 dit‚vt
321 3227 368 3270 in
387 3222 559 3271 circulo
581 3226 678 3271 AD
692 3223 1055 3284 CK,lineaAC;

153 3290 224 3339 vel
241 3310 337 3340 non
359 3296 555 3339 maxima
582 3289 616 3338 fi
642 3287 786 3358 ipsum
814 3291 1036 3342 circulum
1062 3296 1252 3361 partitur
1275 3289 1557 3360 inaequaliter
1578 3332 1591 3353 ‚
1609 3308 1657 3340 vt
1679 3292 1729 3341 in‘
1753 3292 1826 3344 eo?

156 3359 263 3407 dem
280 3360 451 3410 circulo
480 3359 599 3409 linea
618 3365 654 3408 E
674 3362 713 3406 G
737 3382 746 3408 ε
766 3360 864 3410 tota
888 3378 1043 3410 autem
1062 3358 1271 3411 subtensa
1302 3366 1416 3410 intra
1438 3359 1660 3409 circulum
1688 3356 1762 3411 eff
1778 3364 1828 3415 ὅς’

155 3432 249 3478 eius
265 3429 406 3479 ambo
431 3446 631 3479 eittrema
650 3434 698 3478 in
720 3430 987 3499 peripheria,
