2498 3898
631 254 698 290 162
953 234 1615 285 THAVMATVRGI
1689 233 2006 280 OPTICI

616 302 727 358 'ctus
747 313 794 356 in
814 324 936 357 cono
960 307 1198 355 decurtato
1220 322 1301 373 per
1317 299 1568 352 sectionem
1585 298 1681 350 bafi
1706 299 1970 368 parallelam
1995 319 2083 365 xy,
2099 299 2244 352 debet
2273 305 2321 350 in

631 392 736 427 vera
756 381 1059 446 proportione
1082 373 1206 421 haud
1236 378 1529 421 immutatam
1546 368 1620 420 seu
1643 366 1952 418 deformatam
1979 374 2186 439 excipere
2213 389 2320 438 por-

636 451 813 496 tionem
828 448 1039 513 imaginis
1061 443 1172 491 clatae
1196 484 1207 503 ,
1224 439 1398 491 circulo
1418 446 1465 490 N
1478 445 1522 488 O
1537 445 1594 500 P,
1619 436 2000 507 comprehensam
2020 444 2068 488 in
2093 437 2321 508 diagram-

634 534 757 566 mate
776 518 889 573 LII,
910 512 1040 581 quod
1059 509 1264 560 similiter
1282 516 1330 559 in
1346 507 1661 578 pyramidibus
1684 508 1930 557 decurtatis
1949 505 2120 557 seruata
2146 505 2322 577 semper

638 586 936 652 proportione
962 586 1088 629 venit
1117 578 1460 628 obseruandum
1479 606 1490 639 ·,
1511 576 1605 627 siue
1630 582 1905 626 exteriorem
1933 573 2027 625 fiue
2053 581 2323 626 interiorem

636 651 814 700 illarum
837 648 1125 718 superficiem
1142 647 1470 697 adumbrandae
1491 651 1683 718 imagini
1710 647 1918 695 destines.
1942 646 2032 696 Sed
2054 650 2193 694 etiam
2220 644 2321 714 pos-

638 720 736 769 stint
755 737 982 769 coriorum
1001 730 1045 769 &
1061 718 1354 787 pyramidum
1371 721 1563 766 vertices
1584 735 1666 785 per
1693 713 1940 784 obliquam
1965 712 2218 764 seetionem
2239 714 2321 764 ab·

636 788 776 838 {eindi
789 830 802 850 ,
824 806 872 837 νε
889 788 1078 858 quando
1097 792 1145 835 in
1164 805 1288 835 cono
1307 785 1360 835 fit
1383 783 1548 853 ellipfis
1560 812 1571 845 ;
1585 784 1706 833 vnde
1726 788 1775 833 in
1793 783 1871 832 tali
1886 782 1989 833 casu
2007 783 2199 833 deberet
2218 790 2325 834 ima-

634 864 752 923 ginis
773 863 925 928 portio
949 875 1062 907 natae
1081 854 1291 906 sedtionis
1313 855 1453 925 plano
1471 852 1813 922 debita‚aliquo
1833 852 1983 901 modo
2000 850 2259 903 deformata
2268 873 2322 902 ex

634 915 817 997 obliqui
835 924 1038 995 aspedtus
1057 923 1238 995 legibus
1256 931 1304 973 in
1322 924 1436 973 illud
1458 921 1721 977 transcribi,
1736 920 1795 970 ad
1815 922 1946 992 quod
1964 923 2169 990 proderit
2189 923 2322 971 huius

636 995 741 1044 libri
761 1001 894 1044 tertia
911 993 1184 1065 propositio:
1206 992 1356 1043 sedne
1374 994 1566 1054 diutius,
1589 1009 1732 1062 quam
1760 1009 1840 1060 par
1866 991 1931 1040 est
1960 996 2009 1040 in
2034 991 2126 1040 istis
2155 991 2323 1041 haerere

633 1066 889 1120 videamur,
911 1069 1006 1115 haec
1027 1075 1070 1115 δε
1091 1063 1218 1133 plura
1237 1062 1324 1112 alia
1341 1081 1442 1132 quae
1457 1061 1601 1111 veluti
1619 1058 1897 1111 consedi-aria
1921 1079 1974 1109 ex
2000 1061 2070 1110 his
2096 1057 2321 1110 facili'ne-

634 1139 766 1203 gotio
784 1150 1021 1196 eruentur,
1040 1130 1281 1204 ingenioso
1309 1132 1471 1182 lectori
1489 1142 1535 1183 &
1551 1130 1774 1182 industrio
1793 1127 1957 1180 artifici
1983 1128 2260 1199 speculanda
2279 1139 2324 1192 ὃς

632 1209 678 1250 in
698 1209 867 1272 praxim
891 1203 1155 1253 reducenda
1174 1202 1459 1252 dimittimus.

858 1400 1513 1450 COROLLARIVM
1593 1393 2095 1447 SECVNDVM.

623 1602 635 1614 ‚
757 1551 951 1622 Xposita
967 1558 1016 1601 in
1038 1552 1314 1622 praecedenti
1336 1548 1522 1600 Tabula
1539 1549 1772 1621 trigesima
1791 1568 2021 1600 conorum
2054 1560 2100 1600 δε
2125 1555 2322 1619 pyrami-

620 1678 623 1680 μ
699 1624 869 1689 ddum
887 1623 1218 1692 diagrammata
1246 1625 1472 1689 punitum
1499 1620 1684 1669 oculare
1709 1639 1762 1669 ex
1786 1638 1885 1689 quo
1917 1618 2093 1668 debent
2119 1617 2322 1688 conspici

631 1691 809 1743 habent
829 1697 877 1740 in
898 1710 979 1740 axe
997 1690 1298 1759 prolungatO,
1318 1687 1414 1738 siue
1430 1693 1479 1737 in
1494 1688 1616 1738 linea
1642 1707 1723 1759 per
1745 1693 1967 1740 verticem
1994 1693 2103 1737 coni
2124 1706 2203 1738 aut
2239 1707 2322 1757 py-

631 1762 814 1812 ramidis
831 1761 890 1809 ad
909 1777 1121 1809 centrum
1140 1757 1256 1807 bafis
1275 1757 1643 1828 perpendiculari
1665 1785 1677 1819 3
1706 1756 1876 1808 scilicet
1904 1776 1952 1807 vt
1971 1763 2021 1806 in
2044 1762 2174 1807 conis
2199 1762 2318 1806 inte-

631 1841 712 1901 gra
729 1827 986 1899 superficies
1007 1833 1192 1888 conica,
1217 1838 1261 1877 ὅ(
1286 1833 1335 1875 in
1360 1825 1676 1895 pyramidibus
1701 1827 1838 1896 plana
1865 1828 1924 1876 ad
1944 1831 2167 1876 verticem
2190 1825 2323 1876 meli,

632 1919 739 1950 nata
757 1917 855 1947 tota
877 1896 956 1946 sub
974 1897 1208 1966 aspedtum
1235 1897 1403 1946 cadant
1421 1937 1434 1958 ,
1457 1896 1590 1966 quod
1612 1894 1712 1946 satis
1739 1896 2035 1946 aduertimus.
2073 1901 2248 1946 Verum
2266 1914 2320 1943 ex

633 1971 964 2040 diagrammate
986 1971 1023 2017 L
1043 1971 1060 2015 Ι
1081 1971 1125 2016 Χ
1147 2007 1159 2027 ,
1184 1971 1233 2015 in
1265 1965 1353 2015 hac
1373 1964 1560 2015 Tabula
1587 1963 1820 2037 trigesima
1845 1970 1991 2035 prima
2019 1963 2141 2015 bene
2170 1965 2323 2034 potest

630 2036 818 2108 agnosci
838 2035 1027 2086 oculum
1052 2039 1091 2083 G
1111 2063 1122 2095 3
1141 2049 1240 2085 non
1257 2032 1406 2083 solum
1424 2039 1472 2083 in
1487 2053 1568 2083 axe
1587 2033 1868 2105 prolungato·
1893 2040 2011 2096 DB,
2034 2035 2321 2095 costitutum‚

633 2106 709 2156 sed
726 2111 865 2157 etiam
885 2124 965 2176 per
983 2123 1131 2154 totam
1149 2104 1319 2152 lineam
1342 2108 1417 2152 EF
1439 2103 1724 2166 transsatum,
1742 2121 1893 2154 totam
1909 2101 2212 2153 nihilominus
2237 2123 2318 2153 co-

632 2182 784 2226 nicam
812 2172 1100 2244 superficiem
1127 2176 1169 2222 A
1187 2179 1219 2222 B
1242 2179 1284 2223 C
1310 2171 1484 2222 habere
1511 2172 1809 2244 conspicuam
1826 2201 1838 2235 3
1856 2169 1958 2223 sunt
1985 2188 2142 2223 tamen
2170 2170 2272 2223 E&
2288 2178 2318 2222 F

634 2245 783 2295 Vltimi
802 2251 849 2294 in
863 2242 954 2313 ipsa
971 2243 1091 2293 linea
1108 2248 1292 2292 termini
1311 2261 1364 2291 ex
1392 2241 1562 2313 quibus
1586 2261 1686 2293 tota
1710 2243 1863 2313 potest
1884 2241 2029 2292 videri
2053 2241 2217 2290 eadem
2249 2239 2318 2289 su-

632 2314 863 2383 perficie5‚
880 2318 942 2362 ita
957 2332 1004 2363 νε
1032 2312 1152 2361 linea
1180 2318 1265 2361 CB
1325 2353 1338 2373 ‚
1354 2328 1574 2362 manente
1605 2317 1781 2382 Ραιιᾶο
1805 2318 1838 2362 Β
1855 2351 1869 2373 ,
1884 2331 1964 2382 per
1988 2307 2318 2360 circumferen-

630 2390 742 2433 tiam
766 2388 943 2443 AHC,
964 2381 1279 2432 circumducta
1306 2382 1458 2431 donec
1480 2386 1528 2430 in
1557 2386 1784 2451 puntstum
1811 2387 1853 2431 C
1877 2383 2158 2441 restituatur,
2173 2380 2318 2428 altero

633 2452 918 2502 sui·extremo
940 2449 1111 2502 scilicet
1126 2455 1302 2520 puncto
1318 2455 1378 2512 E,
1398 2448 1624 2500 circulum
1643 2447 1869 2501 describat
1889 2455 1939 2500 in
1954 2465 2107 2517 eoque
2124 2446 2319 2517 spatium

634 2523 911 2570 determinet
922 2561 935 2581 ,
949 2526 996 2569 in
1007 2540 1104 2590 quo
1125 2520 1361 2568 dumtaxat
1371 2518 1533 2569 oculus
1545 2520 1821 2569 constitutus
1836 2515 2044 2588 respectu
2057 2523 2167 2567 coni
2178 2522 2317 2578 ΑΒΕ,

636 2609 784 2640 totam
802 2589 919 2638 illius
938 2607 1197 2637 connexam
1215 2585 1504 2656 superficiem
1522 2604 1666 2657 queat
1683 2587 1961 2657 conspicere.

714 2660 852 2710 Vnde
878 2668 923 2708 δε
947 2657 1063 2706 mihi
1088 2661 1215 2705 venit
1237 2662 1285 2707 in
1308 2674 1517 2706 mentem
1543 2676 1597 2706 ex
1618 2661 1783 2726 opticae
1846 2661 2109 2707 roieffionis
2133 2655 2317 2725 legibus

633 2734 884 2798 imaginem
905 2727 1059 2775 datam
1080 2722 1213 2775 facile
1234 2727 1359 2794 posse
1378 2726 1598 2776 delineari
1612 2731 1661 2775 in
1679 2723 1811 2795 super
1848 2729 1917 2777 cie
1938 2730 2101 2776 conica
2125 2730 2251 2775 cuius
2270 2731 2319 2774 in

634 2799 773 2846 latere
792 2795 940 2846 versus
957 2801 1138 2864 apicem
1156 2795 1386 2863 producto
1405 2795 1567 2845 oculus
1581 2795 1949 2845 constitueretur.
1980 2799 2046 2845 Sit
2065 2798 2190 2842 enirn
2209 2813 2247 2842 v.
2267 2813 2311 2864 g.

633 2872 794 2916 Conus
816 2870 899 2915 AB
913 2872 953 2915 C
973 2865 1314 2913 diacrrammatis
1331 2868 1368 2913 L
1382 2870 1452 2914 XI
1474 2870 1547 2926 -‚in
1562 2870 1690 2914 cuius
1711 2863 1851 2912 latere
1870 2867 1982 2924 AB,
1995 2880 2076 2931 per
2097 2867 2319 2913 verticem

634 2935 861 3004 produsto
881 2933 936 2983 fit
955 2908 1116 2982 ocusus
1136 2939 1207 2994 D,
1228 2950 1378 2982 totam
1392 2930 1682 3003 superficiem
1701 2937 1916 2982 conicam
1943 2935 2085 2981 ABC
2100 2973 2115 2999 ,
2144 2949 2226 3000 per
2249 2933 2319 2981 ra-

633 3007 731 3053 dios
754 3001 779 3052 a
799 3009 979 3072 punctis
999 2999 1378 3051 circumferentiae
1399 3000 1517 3051 basis
1533 3003 1593 3051 ad
1607 3005 1828 3050 verticem
1853 3000 2105 3070 pmduCtos
2129 2997 2319 3050 diuisam

634 3072 810 3123 habens
830 3070 1149 3140 conspicuam,
1166 3088 1215 3120 vt
1235 3066 1365 3138 supra
1385 3071 1602 3132 diximus,
1632 3069 2022 3140 quandoquidem
2046 3069 2227 3119 nullum
2252 3069 2318 3117 est
2352 3068 2360 3072 ’

634 3151 681 3193 in
706 3161 759 3190 ea
778 3146 1003 3210 punctum
1021 3137 1047 3187 a
1066 3157 1163 3208 quo
1188 3156 1287 3189 non
1312 3137 1448 3207 posfit
1475 3144 1599 3189 reeta
1624 3138 1746 3189 linea
1776 3140 1836 3189 ad
1865 3137 2058 3189 oculum
2091 3138 2318 3210 protendis

632 3228 812 3261 certum
831 3211 895 3259 est
916 3228 968 3259 ex
990 3231 1013 3258 ι
1032 3206 1352 3277 propositione
1372 3206 1586 3278 Synopsis
1602 3209 1659 3258 ad
1685 3207 1830 3259 finem
1855 3211 2016 3278 prioris
2039 3207 2145 3258 libri
2169 3223 2318 3256 totam

634 3281 801 3328 lineam
821 3286 854 3328 B
869 3283 911 3328 A
925 3322 939 3342 ‚
956 3279 1098 3329 videri
1114 3295 1161 3325 vt
1182 3280 1428 3346 punctum,
1441 3275 1516 3326 seu
1536 3280 1700 3347 proiici
1721 3281 1770 3326 in
1786 3281 2014 3346 punCtum
2032 3279 2090 3327 ad
2108 3274 2315 3344 quodni-

630 3349 883 3398 hilominus
903 3351 1061 3399 caeteri
1078 3346 1192 3397 radii
1225 3344 1250 3395 Ξι
1279 3342 1395 3395 basis
1424 3347 1683 3416 peripheria
1712 3347 1993 3415 prodeuntes
2017 3361 2315 3416 concurrunq
