<?xml version="1.0" encoding="UTF-8"?>
<!DOCTYPE html PUBLIC "-//W3C//DTD XHTML 1.0 Transitional//EN"
    "http://www.w3.org/TR/xhtml1/DTD/xhtml1-transitional.dtd">
<html xmlns="http://www.w3.org/1999/xhtml" xml:lang="en" lang="en">
 <head>
  <title>
</title>
<meta http-equiv="Content-Type" content="text/html;charset=utf-8" />
  <meta name='ocr-system' content='tesseract 3.04.00' />
  <meta name='ocr-capabilities' content='ocr_page ocr_carea ocr_par ocr_line ocrx_word'/>
</head>
<body>
  <div class='ocr_page' id='page_1' title='image "./rpioannisfrancis00nice_0201.png"; bbox 0 0 2498 3898; ppageno 0'>
   <div class='ocr_carea' id='block_1_1' title="bbox 178 221 1885 3392">
    <p class='ocr_par' dir='ltr' id='par_1_1' title="bbox 204 221 1885 410">
     <span class='ocr_line' id='line_1_1' title="bbox 671 221 1885 291; baseline 0.007 -24"><span class='ocrx_word' id='word_1_1' title='bbox 671 221 1430 272; x_wconf 77' lang='lat' dir='ltr'>LIBERSECVNDVS.</span> <span class='ocrx_word' id='word_1_2' title='bbox 1822 248 1885 291; x_wconf 71' lang='lat'>159</span> 
     </span>
     <span class='ocr_line' id='line_1_2' title="bbox 204 288 1883 363; baseline 0.002 -22"><span class='ocrx_word' id='word_1_3' title='bbox 204 293 396 363; x_wconf 84' lang='lat' dir='ltr'>longato</span> <span class='ocrx_word' id='word_1_4' title='bbox 428 293 662 341; x_wconf 89' lang='lat' dir='ltr'>constit-uti</span> <span class='ocrx_word' id='word_1_5' title='bbox 678 331 692 352; x_wconf 92' lang='lat'>,</span> <span class='ocrx_word' id='word_1_6' title='bbox 720 310 772 339; x_wconf 81' lang='lat' dir='ltr'>ex</span> <span class='ocrx_word' id='word_1_7' title='bbox 802 310 965 360; x_wconf 91' lang='lat' dir='ltr'>quarto</span> <span class='ocrx_word' id='word_1_8' title='bbox 996 299 1220 341; x_wconf 81' lang='lat' dir='ltr'>axiomate</span> <span class='ocrx_word' id='word_1_9' title='bbox 1252 288 1449 360; x_wconf 81' lang='lat' dir='ltr'>synopsis</span> <span class='ocrx_word' id='word_1_10' title='bbox 1477 292 1535 341; x_wconf 88' lang='lat' dir='ltr'>ad</span> <span class='ocrx_word' id='word_1_11' title='bbox 1564 292 1705 343; x_wconf 88' lang='lat' dir='ltr'>finem</span> <span class='ocrx_word' id='word_1_12' title='bbox 1724 299 1883 362; x_wconf 85' lang='lat' dir='ltr'>prioris</span> 
     </span>
     <span class='ocr_line' id='line_1_3' title="bbox 206 361 323 410; baseline -0.009 -1"><span class='ocrx_word' id='word_1_13' title='bbox 206 361 323 410; x_wconf 81' lang='lat' dir='ltr'>libri.</span> 
     </span>
    </p>

    <p class='ocr_par' dir='ltr' id='par_1_2' title="bbox 193 424 1880 1995">
     <span class='ocr_line' id='line_1_4' title="bbox 277 424 1880 500; baseline 0.001 -21"><span class='ocrx_word' id='word_1_14' title='bbox 277 427 452 479; x_wconf 72' lang='lat' dir='ltr'>Verum</span> <span class='ocrx_word' id='word_1_15' title='bbox 469 425 529 476; x_wconf 86' lang='lat' dir='ltr'>sic</span> <span class='ocrx_word' id='word_1_16' title='bbox 549 426 781 479; x_wconf 85' lang='lat' dir='ltr'>delineatis</span> <span class='ocrx_word' id='word_1_17' title='bbox 799 435 846 477; x_wconf 88' lang='lat' dir='ltr'>in</span> <span class='ocrx_word' id='word_1_18' title='bbox 866 434 1035 479; x_wconf 83' lang='lat' dir='ltr'>conicae</span> <span class='ocrx_word' id='word_1_19' title='bbox 1055 424 1306 496; x_wconf 86' lang='lat' dir='ltr'>superficiei</span> <span class='ocrx_word' id='word_1_20' title='bbox 1325 430 1614 499; x_wconf 79' lang='lat' dir='ltr'>longitudine</span> <span class='ocrx_word' id='word_1_21' title='bbox 1640 430 1772 478; x_wconf 88' lang='lat' dir='ltr'>radiis</span> <span class='ocrx_word' id='word_1_22' title='bbox 1799 438 1880 500; x_wconf 83' lang='lat' dir='ltr'>qui</span> 
     </span>
     <span class='ocr_line' id='line_1_5' title="bbox 207 495 1878 569; baseline 0.001 -22"><span class='ocrx_word' id='word_1_23' title='bbox 207 500 450 547; x_wconf 81' lang='lat' dir='ltr'>diametros</span> <span class='ocrx_word' id='word_1_24' title='bbox 477 502 656 547; x_wconf 90' lang='lat' dir='ltr'>maioris</span> <span class='ocrx_word' id='word_1_25' title='bbox 683 497 837 548; x_wconf 86' lang='lat' dir='ltr'>circuli</span> <span class='ocrx_word' id='word_1_26' title='bbox 863 502 949 548; x_wconf 92' lang='lat' dir='ltr'>AB</span> <span class='ocrx_word' id='word_1_27' title='bbox 968 495 1429 565; x_wconf 84' lang='lat' dir='ltr'>CD‚repraesentent,</span> <span class='ocrx_word' id='word_1_28' title='bbox 1451 516 1635 566; x_wconf 86' lang='lat' dir='ltr'>oportet</span> <span class='ocrx_word' id='word_1_29' title='bbox 1664 508 1707 547; x_wconf 72' lang='grc' dir='ltr'>δε</span> <span class='ocrx_word' id='word_1_30' title='bbox 1723 504 1770 547; x_wconf 89' lang='lat' dir='ltr'>in</span> <span class='ocrx_word' id='word_1_31' title='bbox 1786 500 1878 569; x_wconf 79' lang='lat' dir='ltr'>ipsa</span> 
     </span>
     <span class='ocr_line' id='line_1_6' title="bbox 204 561 1880 634; baseline 0.001 -18"><span class='ocrx_word' id='word_1_32' title='bbox 204 566 399 616; x_wconf 89' lang='lat' dir='ltr'>circulos</span> <span class='ocrx_word' id='word_1_33' title='bbox 419 572 738 616; x_wconf 90' lang='lat' dir='ltr'>concentricos</span> <span class='ocrx_word' id='word_1_34' title='bbox 752 571 1022 634; x_wconf 85' lang='lat' dir='ltr'>exprimere,</span> <span class='ocrx_word' id='word_1_35' title='bbox 1045 561 1277 634; x_wconf 82' lang='lat' dir='ltr'>spatiaque</span> <span class='ocrx_word' id='word_1_36' title='bbox 1296 565 1380 614; x_wconf 86' lang='lat' dir='ltr'>illis</span> <span class='ocrx_word' id='word_1_37' title='bbox 1398 563 1611 615; x_wconf 90' lang='lat' dir='ltr'>conclusa</span> <span class='ocrx_word' id='word_1_38' title='bbox 1637 571 1699 615; x_wconf 91' lang='lat' dir='ltr'>ita</span> <span class='ocrx_word' id='word_1_39' title='bbox 1731 568 1880 617; x_wconf 53' lang='lat' dir='ltr'>deter⁴</span> 
     </span>
     <span class='ocr_line' id='line_1_7' title="bbox 205 632 1877 704; baseline 0.001 -20"><span class='ocrx_word' id='word_1_40' title='bbox 205 640 402 696; x_wconf 88' lang='lat' dir='ltr'>minare,</span> <span class='ocrx_word' id='word_1_41' title='bbox 419 654 466 684; x_wconf 89' lang='lat' dir='ltr'>vt</span> <span class='ocrx_word' id='word_1_42' title='bbox 484 632 621 684; x_wconf 92' lang='lat' dir='ltr'>oculo</span> <span class='ocrx_word' id='word_1_43' title='bbox 639 639 686 682; x_wconf 90' lang='lat' dir='ltr'>in</span> <span class='ocrx_word' id='word_1_44' title='bbox 706 642 752 696; x_wconf 89' lang='lat' dir='ltr'>S,</span> <span class='ocrx_word' id='word_1_45' title='bbox 772 635 1022 684; x_wconf 89' lang='lat' dir='ltr'>constituto</span> <span class='ocrx_word' id='word_1_46' title='bbox 1048 634 1237 702; x_wconf 76' lang='lat' dir='ltr'>aequalia</span> <span class='ocrx_word' id='word_1_47' title='bbox 1267 635 1506 683; x_wconf 83' lang='lat' dir='ltr'>videantur</span> <span class='ocrx_word' id='word_1_48' title='bbox 1527 676 1540 696; x_wconf 94' lang='lat'>,</span> <span class='ocrx_word' id='word_1_49' title='bbox 1570 635 1699 704; x_wconf 88' lang='lat' dir='ltr'>quod</span> <span class='ocrx_word' id='word_1_50' title='bbox 1716 633 1877 686; x_wconf 61' lang='lat' dir='ltr'>facilli-</span> 
     </span>
     <span class='ocr_line' id='line_1_8' title="bbox 204 699 1879 772; baseline 0.002 -20"><span class='ocrx_word' id='word_1_51' title='bbox 204 704 281 753; x_wconf 70' lang='lat' dir='ltr'>me?</span> <span class='ocrx_word' id='word_1_52' title='bbox 309 704 548 772; x_wconf 69' lang='lat' dir='ltr'>assequeris</span> <span class='ocrx_word' id='word_1_53' title='bbox 576 699 610 749; x_wconf 85' lang='lat' dir='ltr'>si</span> <span class='ocrx_word' id='word_1_54' title='bbox 639 701 664 751; x_wconf 68' lang='lat' dir='ltr'>a</span> <span class='ocrx_word' id='word_1_55' title='bbox 689 708 867 772; x_wconf 65' lang='lat' dir='ltr'>punctis</span> <span class='ocrx_word' id='word_1_56' title='bbox 900 721 1130 772; x_wconf 73' lang='lat' dir='ltr'>amnopqc</span> <span class='ocrx_word' id='word_1_57' title='bbox 1149 740 1161 756; x_wconf 90' lang='lat'><em>‚</em></span> <span class='ocrx_word' id='word_1_58' title='bbox 1199 701 1388 752; x_wconf 82' lang='lat' dir='ltr'>occultae</span> <span class='ocrx_word' id='word_1_59' title='bbox 1421 705 1644 752; x_wconf 86' lang='lat' dir='ltr'>ducantur</span> <span class='ocrx_word' id='word_1_60' title='bbox 1668 703 1794 754; x_wconf 83' lang='lat' dir='ltr'>lineae</span> <span class='ocrx_word' id='word_1_61' title='bbox 1821 707 1879 756; x_wconf 85' lang='lat' dir='ltr'>ad</span> 
     </span>
     <span class='ocr_line' id='line_1_9' title="bbox 204 770 1876 841; baseline 0.002 -20"><span class='ocrx_word' id='word_1_62' title='bbox 204 776 429 841; x_wconf 60' lang='lat' dir='ltr'>punctum</span> <span class='ocrx_word' id='word_1_63' title='bbox 445 779 494 832; x_wconf 89' lang='lat' dir='ltr'>S,</span> <span class='ocrx_word' id='word_1_64' title='bbox 513 788 613 839; x_wconf 84' lang='lat' dir='ltr'>quae</span> <span class='ocrx_word' id='word_1_65' title='bbox 635 771 835 841; x_wconf 86' lang='lat' dir='ltr'>exposita</span> <span class='ocrx_word' id='word_1_66' title='bbox 852 778 958 821; x_wconf 92' lang='lat' dir='ltr'>coni</span> <span class='ocrx_word' id='word_1_67' title='bbox 977 771 1116 820; x_wconf 89' lang='lat' dir='ltr'>latera</span> <span class='ocrx_word' id='word_1_68' title='bbox 1134 790 1158 818; x_wconf 79' lang='lat' dir='ltr'>a</span> <span class='ocrx_word' id='word_1_69' title='bbox 1173 781 1277 832; x_wconf 71' lang='lat' dir='ltr'>r„&amp;</span> <span class='ocrx_word' id='word_1_70' title='bbox 1297 791 1315 816; x_wconf 84' lang='lat' dir='ltr'><em>c</em></span> <span class='ocrx_word' id='word_1_71' title='bbox 1328 792 1367 828; x_wconf 88' lang='lat' dir='ltr'>r,</span> <span class='ocrx_word' id='word_1_72' title='bbox 1392 770 1591 820; x_wconf 80' lang='lat' dir='ltr'>secantes</span> <span class='ocrx_word' id='word_1_73' title='bbox 1623 778 1670 820; x_wconf 84' lang='lat' dir='ltr'>iri</span> <span class='ocrx_word' id='word_1_74' title='bbox 1698 779 1876 840; x_wconf 68' lang='lat' dir='ltr'>punctis</span> 
     </span>
     <span class='ocr_line' id='line_1_10' title="bbox 200 837 1878 916; baseline 0.001 -26"><span class='ocrx_word' id='word_1_75' title='bbox 200 859 350 906; x_wconf 84' lang='lat' dir='ltr'>tuyx,</span> <span class='ocrx_word' id='word_1_76' title='bbox 372 840 474 890; x_wconf 89' lang='lat' dir='ltr'>loca</span> <span class='ocrx_word' id='word_1_77' title='bbox 494 837 801 910; x_wconf 79' lang='lat' dir='ltr'>designabunt</span> <span class='ocrx_word' id='word_1_78' title='bbox 819 860 899 916; x_wconf 87' lang='lat' dir='ltr'>per</span> <span class='ocrx_word' id='word_1_79' title='bbox 915 860 1013 910; x_wconf 83' lang='lat' dir='ltr'>quae</span> <span class='ocrx_word' id='word_1_80' title='bbox 1033 839 1234 889; x_wconf 90' lang='lat' dir='ltr'>debeant</span> <span class='ocrx_word' id='word_1_81' title='bbox 1259 846 1305 888; x_wconf 88' lang='lat' dir='ltr'>in</span> <span class='ocrx_word' id='word_1_82' title='bbox 1337 838 1570 908; x_wconf 88' lang='lat' dir='ltr'>superficie</span> <span class='ocrx_word' id='word_1_83' title='bbox 1600 847 1763 890; x_wconf 81' lang='lat' dir='ltr'>conica</span> <span class='ocrx_word' id='word_1_84' title='bbox 1792 849 1878 892; x_wconf 74' lang='lat' dir='ltr'>cir—</span> 
     </span>
     <span class='ocr_line' id='line_1_11' title="bbox 202 906 1877 981; baseline -0.004 -22"><span class='ocrx_word' id='word_1_85' title='bbox 202 909 294 959; x_wconf 91' lang='lat' dir='ltr'>culi</span> <span class='ocrx_word' id='word_1_86' title='bbox 316 907 508 958; x_wconf 87' lang='lat' dir='ltr'>describi</span> <span class='ocrx_word' id='word_1_87' title='bbox 528 910 585 957; x_wconf 88' lang='lat' dir='ltr'>ad</span> <span class='ocrx_word' id='word_1_88' title='bbox 608 909 699 959; x_wconf 91' lang='lat' dir='ltr'>hoc</span> <span class='ocrx_word' id='word_1_89' title='bbox 729 929 777 959; x_wconf 90' lang='lat' dir='ltr'>vt</span> <span class='ocrx_word' id='word_1_90' title='bbox 806 912 996 979; x_wconf 68' lang='lat' dir='ltr'>spatium</span> <span class='ocrx_word' id='word_1_91' title='bbox 1012 927 1083 966; x_wconf 82' lang='lat' dir='ltr'>at,</span> <span class='ocrx_word' id='word_1_92' title='bbox 1106 907 1246 977; x_wconf 85' lang='lat' dir='ltr'>spatio</span> <span class='ocrx_word' id='word_1_93' title='bbox 1272 913 1400 969; x_wconf 90' lang='lat' dir='ltr'>AM,</span> <span class='ocrx_word' id='word_1_94' title='bbox 1421 919 1463 957; x_wconf 72' lang='grc' dir='ltr'>δε</span> <span class='ocrx_word' id='word_1_95' title='bbox 1481 906 1672 976; x_wconf 86' lang='lat' dir='ltr'>spatium</span> <span class='ocrx_word' id='word_1_96' title='bbox 1690 927 1765 972; x_wconf 81' lang='lat' dir='ltr'>tx,</span> <span class='ocrx_word' id='word_1_97' title='bbox 1781 909 1877 981; x_wconf 54' lang='lat' dir='ltr'>spa„</span> 
     </span>
     <span class='ocr_line' id='line_1_12' title="bbox 203 976 1874 1048; baseline 0.001 -21"><span class='ocrx_word' id='word_1_98' title='bbox 203 985 270 1027; x_wconf 90' lang='lat' dir='ltr'>tio</span> <span class='ocrx_word' id='word_1_99' title='bbox 288 982 426 1040; x_wconf 88' lang='lat' dir='ltr'>MN,</span> <span class='ocrx_word' id='word_1_100' title='bbox 444 976 582 1028; x_wconf 94' lang='lat' dir='ltr'>oculo</span> <span class='ocrx_word' id='word_1_101' title='bbox 607 986 630 1028; x_wconf 88' lang='lat' dir='ltr'>S</span> <span class='ocrx_word' id='word_1_102' title='bbox 653 979 841 1048; x_wconf 82' lang='lat' dir='ltr'>aequalia</span> <span class='ocrx_word' id='word_1_103' title='bbox 858 979 1124 1038; x_wconf 89' lang='lat' dir='ltr'>videantur,</span> <span class='ocrx_word' id='word_1_104' title='bbox 1147 978 1276 1047; x_wconf 88' lang='lat' dir='ltr'>quod</span> <span class='ocrx_word' id='word_1_105' title='bbox 1334 996 1427 1026; x_wconf 90' lang='lat' dir='ltr'>atet</span> <span class='ocrx_word' id='word_1_106' title='bbox 1455 996 1506 1025; x_wconf 82' lang='lat' dir='ltr'>ex</span> <span class='ocrx_word' id='word_1_107' title='bbox 1530 976 1624 1045; x_wconf 88' lang='lat' dir='ltr'>ipso</span> <span class='ocrx_word' id='word_1_108' title='bbox 1651 979 1874 1045; x_wconf 80' lang='lat' dir='ltr'>diagram-</span> 
     </span>
     <span class='ocr_line' id='line_1_13' title="bbox 203 1035 1876 1117; baseline 0.001 -20"><span class='ocrx_word' id='word_1_109' title='bbox 203 1066 327 1098; x_wconf 87' lang='lat' dir='ltr'>mate</span> <span class='ocrx_word' id='word_1_110' title='bbox 345 1052 490 1109; x_wconf 85' lang='lat' dir='ltr'>LIII,</span> <span class='ocrx_word' id='word_1_111' title='bbox 508 1045 587 1095; x_wconf 90' lang='lat' dir='ltr'>vbi</span> <span class='ocrx_word' id='word_1_112' title='bbox 603 1065 702 1103; x_wconf 83' lang='lat' dir='ltr'>am,</span> <span class='ocrx_word' id='word_1_113' title='bbox 722 1067 821 1117; x_wconf 81' lang='lat' dir='ltr'>quae</span> <span class='ocrx_word' id='word_1_114' title='bbox 839 1048 903 1096; x_wconf 89' lang='lat' dir='ltr'>est</span> <span class='ocrx_word' id='word_1_115' title='bbox 923 1047 1105 1116; x_wconf 85' lang='lat' dir='ltr'>aequalis</span> <span class='ocrx_word' id='word_1_116' title='bbox 1132 1049 1238 1096; x_wconf 90' lang='lat' dir='ltr'>AM</span> <span class='ocrx_word' id='word_1_117' title='bbox 1253 1087 1265 1107; x_wconf 93' lang='lat'>,</span> <span class='ocrx_word' id='word_1_118' title='bbox 1300 1046 1520 1096; x_wconf 82' lang='lat' dir='ltr'>cliematis</span> <span class='ocrx_word' id='word_1_119' title='bbox 1550 1046 1666 1108; x_wconf 85' lang='lat' dir='ltr'>LII,</span> <span class='ocrx_word' id='word_1_120' title='bbox 1688 1035 1767 1097; x_wconf 71' lang='lat' dir='ltr'>sub</span> <span class='ocrx_word' id='word_1_121' title='bbox 1797 1068 1876 1098; x_wconf 72' lang='lat' dir='ltr'>eo-</span> 
     </span>
     <span class='ocr_line' id='line_1_14' title="bbox 204 1113 1871 1187; baseline 0.001 -22"><span class='ocrx_word' id='word_1_122' title='bbox 204 1117 312 1165; x_wconf 88' lang='lat' dir='ltr'>dem</span> <span class='ocrx_word' id='word_1_123' title='bbox 333 1115 503 1185; x_wconf 83' lang='lat' dir='ltr'>angulo</span> <span class='ocrx_word' id='word_1_124' title='bbox 525 1115 800 1185; x_wconf 90' lang='lat' dir='ltr'>conspicitur</span> <span class='ocrx_word' id='word_1_125' title='bbox 816 1114 896 1164; x_wconf 90' lang='lat' dir='ltr'>sub</span> <span class='ocrx_word' id='word_1_126' title='bbox 917 1135 1012 1185; x_wconf 91' lang='lat' dir='ltr'>quo</span> <span class='ocrx_word' id='word_1_127' title='bbox 1027 1116 1205 1165; x_wconf 84' lang='lat' dir='ltr'>videtur</span> <span class='ocrx_word' id='word_1_128' title='bbox 1226 1133 1294 1177; x_wconf 73' lang='lat' dir='ltr'>cit,</span> <span class='ocrx_word' id='word_1_129' title='bbox 1311 1120 1527 1164; x_wconf 87' lang='lat' dir='ltr'>nimirum</span> <span class='ocrx_word' id='word_1_130' title='bbox 1552 1113 1630 1163; x_wconf 91' lang='lat' dir='ltr'>sub</span> <span class='ocrx_word' id='word_1_131' title='bbox 1656 1118 1828 1187; x_wconf 88' lang='lat' dir='ltr'>angulo</span> <span class='ocrx_word' id='word_1_132' title='bbox 1845 1137 1871 1166; x_wconf 77' lang='lat' dir='ltr'>a</span> 
     </span>
     <span class='ocr_line' id='line_1_15' title="bbox 203 1181 1875 1256; baseline -0.001 -20"><span class='ocrx_word' id='word_1_133' title='bbox 203 1192 230 1236; x_wconf 92' lang='lat' dir='ltr'>S</span> <span class='ocrx_word' id='word_1_134' title='bbox 250 1205 289 1232; x_wconf 89' lang='lat' dir='ltr'>m</span> <span class='ocrx_word' id='word_1_135' title='bbox 309 1205 319 1237; x_wconf 79' lang='lat'>3</span> <span class='ocrx_word' id='word_1_136' title='bbox 340 1204 451 1255; x_wconf 87' lang='lat' dir='ltr'>ergo</span> <span class='ocrx_word' id='word_1_137' title='bbox 470 1196 515 1235; x_wconf 85' lang='lat'>&amp;</span> <span class='ocrx_word' id='word_1_138' title='bbox 531 1204 562 1233; x_wconf 83' lang='lat' dir='ltr'>ae</span> <span class='ocrx_word' id='word_1_139' title='bbox 602 1184 723 1234; x_wconf 88' lang='lat' dir='ltr'>uales</span> <span class='ocrx_word' id='word_1_140' title='bbox 740 1185 952 1234; x_wconf 88' lang='lat' dir='ltr'>videntur</span> <span class='ocrx_word' id='word_1_141' title='bbox 970 1205 1050 1253; x_wconf 87' lang='lat' dir='ltr'>per</span> <span class='ocrx_word' id='word_1_142' title='bbox 1067 1181 1241 1233; x_wconf 83' lang='lat' dir='ltr'>sextum</span> <span class='ocrx_word' id='word_1_143' title='bbox 1256 1189 1434 1233; x_wconf 80' lang='lat' dir='ltr'>axioma</span> <span class='ocrx_word' id='word_1_144' title='bbox 1452 1183 1555 1232; x_wconf 88' lang='lat' dir='ltr'>libri</span> <span class='ocrx_word' id='word_1_145' title='bbox 1572 1189 1704 1251; x_wconf 88' lang='lat' dir='ltr'>primi</span> <span class='ocrx_word' id='word_1_146' title='bbox 1728 1213 1738 1245; x_wconf 78' lang='lat'><em>3</em></span> <span class='ocrx_word' id='word_1_147' title='bbox 1764 1207 1875 1256; x_wconf 83' lang='lat' dir='ltr'>ergo</span> 
     </span>
     <span class='ocr_line' id='line_1_16' title="bbox 203 1202 1877 1324; baseline 0 -21"><span class='ocrx_word' id='word_1_148' title='bbox 203 1259 342 1303; x_wconf 88' lang='lat' dir='ltr'>etiam</span> <span class='ocrx_word' id='word_1_149' title='bbox 358 1253 547 1324; x_wconf 84' lang='lat' dir='ltr'>aequalia</span> <span class='ocrx_word' id='word_1_150' title='bbox 567 1202 704 1322; x_wconf 44' lang='lat' dir='ltr'>limtia</span> <span class='ocrx_word' id='word_1_151' title='bbox 720 1251 823 1323; x_wconf 88' lang='lat' dir='ltr'>ipsis</span> <span class='ocrx_word' id='word_1_152' title='bbox 842 1272 1061 1303; x_wconf 89' lang='lat' dir='ltr'>contenta</span> <span class='ocrx_word' id='word_1_153' title='bbox 1084 1280 1094 1312; x_wconf 81' lang='lat'>3</span> <span class='ocrx_word' id='word_1_154' title='bbox 1116 1254 1235 1302; x_wconf 89' lang='lat' dir='ltr'>vnde</span> <span class='ocrx_word' id='word_1_155' title='bbox 1262 1271 1478 1302; x_wconf 89' lang='lat' dir='ltr'>manente</span> <span class='ocrx_word' id='word_1_156' title='bbox 1505 1249 1679 1319; x_wconf 84' lang='lat' dir='ltr'>semper</span> <span class='ocrx_word' id='word_1_157' title='bbox 1708 1256 1877 1308; x_wconf 88' lang='lat' dir='ltr'>eodem</span> 
     </span>
     <span class='ocr_line' id='line_1_17' title="bbox 199 1319 1878 1392; baseline 0.001 -21"><span class='ocrx_word' id='word_1_158' title='bbox 199 1328 368 1372; x_wconf 83' lang='lat' dir='ltr'>vertice</span> <span class='ocrx_word' id='word_1_159' title='bbox 388 1324 631 1391; x_wconf 85' lang='lat' dir='ltr'>pyramidis</span> <span class='ocrx_word' id='word_1_160' title='bbox 651 1329 813 1392; x_wconf 86' lang='lat' dir='ltr'>opticae</span> <span class='ocrx_word' id='word_1_161' title='bbox 831 1342 855 1369; x_wconf 85' lang='lat' dir='ltr'>a</span> <span class='ocrx_word' id='word_1_162' title='bbox 870 1319 975 1377; x_wconf 65' lang='lat' dir='ltr'>Scly,</span> <span class='ocrx_word' id='word_1_163' title='bbox 998 1329 1293 1391; x_wconf 82' lang='lat' dir='ltr'>quantumuis</span> <span class='ocrx_word' id='word_1_164' title='bbox 1321 1327 1589 1370; x_wconf 89' lang='lat' dir='ltr'>immutetur</span> <span class='ocrx_word' id='word_1_165' title='bbox 1619 1319 1733 1370; x_wconf 85' lang='lat' dir='ltr'>basis</span> <span class='ocrx_word' id='word_1_166' title='bbox 1764 1323 1878 1373; x_wconf 74' lang='lat' dir='ltr'>:llius</span> 
     </span>
     <span class='ocr_line' id='line_1_18' title="bbox 198 1389 1876 1458; baseline 0.002 -18"><span class='ocrx_word' id='word_1_167' title='bbox 198 1389 292 1440; x_wconf 87' lang='lat' dir='ltr'>siue</span> <span class='ocrx_word' id='word_1_168' title='bbox 308 1389 591 1441; x_wconf 90' lang='lat' dir='ltr'>subiiciendo</span> <span class='ocrx_word' id='word_1_169' title='bbox 611 1392 676 1440; x_wconf 92' lang='lat' dir='ltr'>illi</span> <span class='ocrx_word' id='word_1_170' title='bbox 695 1392 919 1441; x_wconf 88' lang='lat' dir='ltr'>circulum</span> <span class='ocrx_word' id='word_1_171' title='bbox 937 1396 977 1441; x_wconf 92' lang='lat' dir='ltr'><strong>A</strong></span> <span class='ocrx_word' id='word_1_172' title='bbox 990 1399 1022 1440; x_wconf 87' lang='lat' dir='ltr'>B</span> <span class='ocrx_word' id='word_1_173' title='bbox 1037 1397 1129 1441; x_wconf 91' lang='lat' dir='ltr'>CD</span> <span class='ocrx_word' id='word_1_174' title='bbox 1142 1432 1153 1451; x_wconf 95' lang='lat'>,</span> <span class='ocrx_word' id='word_1_175' title='bbox 1167 1402 1249 1441; x_wconf 70' lang='lat' dir='ltr'>&amp;o</span> <span class='ocrx_word' id='word_1_176' title='bbox 1271 1390 1363 1440; x_wconf 88' lang='lat' dir='ltr'>siue</span> <span class='ocrx_word' id='word_1_177' title='bbox 1382 1389 1684 1458; x_wconf 85' lang='lat' dir='ltr'>supponendo</span> <span class='ocrx_word' id='word_1_178' title='bbox 1701 1410 1876 1443; x_wconf 87' lang='lat' dir='ltr'>conum</span> 
     </span>
     <span class='ocr_line' id='line_1_19' title="bbox 196 1456 1876 1532; baseline 0.001 -24"><span class='ocrx_word' id='word_1_179' title='bbox 196 1459 336 1515; x_wconf 72' lang='lat' dir='ltr'>arch,</span> <span class='ocrx_word' id='word_1_180' title='bbox 363 1480 416 1510; x_wconf 84' lang='lat' dir='ltr'>ex</span> <span class='ocrx_word' id='word_1_181' title='bbox 438 1461 596 1531; x_wconf 85' lang='lat' dir='ltr'>anguli</span> <span class='ocrx_word' id='word_1_182' title='bbox 611 1459 759 1509; x_wconf 85' lang='lat' dir='ltr'>visorii</span> <span class='ocrx_word' id='word_1_183' title='bbox 775 1460 955 1532; x_wconf 82' lang='lat' dir='ltr'>legibus</span> <span class='ocrx_word' id='word_1_184' title='bbox 975 1459 1178 1509; x_wconf 85' lang='lat' dir='ltr'>similiter</span> <span class='ocrx_word' id='word_1_185' title='bbox 1196 1459 1409 1521; x_wconf 73' lang='lat' dir='ltr'>diuisum,</span> <span class='ocrx_word' id='word_1_186' title='bbox 1423 1456 1599 1527; x_wconf 86' lang='lat' dir='ltr'>semper</span> <span class='ocrx_word' id='word_1_187' title='bbox 1614 1457 1694 1508; x_wconf 91' lang='lat' dir='ltr'>fiet</span> <span class='ocrx_word' id='word_1_188' title='bbox 1713 1461 1876 1510; x_wconf 83' lang='lat' dir='ltr'>eadem</span> 
     </span>
     <span class='ocr_line' id='line_1_20' title="bbox 194 1526 1880 1600; baseline 0.001 -21"><span class='ocrx_word' id='word_1_189' title='bbox 194 1529 307 1580; x_wconf 82' lang='lat' dir='ltr'>visio</span> <span class='ocrx_word' id='word_1_190' title='bbox 336 1540 381 1580; x_wconf 89' lang='lat'>&amp;</span> <span class='ocrx_word' id='word_1_191' title='bbox 399 1529 637 1595; x_wconf 62' lang='lat' dir='ltr'>obiectum</span> <span class='ocrx_word' id='word_1_192' title='bbox 651 1528 795 1578; x_wconf 83' lang='lat' dir='ltr'>{imile</span> <span class='ocrx_word' id='word_1_193' title='bbox 827 1529 1001 1600; x_wconf 91' lang='lat' dir='ltr'>prorsus</span> <span class='ocrx_word' id='word_1_194' title='bbox 1026 1528 1291 1597; x_wconf 85' lang='lat' dir='ltr'>apparebit,</span> <span class='ocrx_word' id='word_1_195' title='bbox 1310 1549 1361 1577; x_wconf 85' lang='lat' dir='ltr'>ex</span> <span class='ocrx_word' id='word_1_196' title='bbox 1394 1533 1537 1597; x_wconf 88' lang='lat' dir='ltr'>prima</span> <span class='ocrx_word' id='word_1_197' title='bbox 1563 1526 1880 1597; x_wconf 84' lang='lat' dir='ltr'>propositione</span> 
     </span>
     <span class='ocr_line' id='line_1_21' title="bbox 198 1595 1878 1667; baseline 0 -18"><span class='ocrx_word' id='word_1_198' title='bbox 198 1600 332 1649; x_wconf 86' lang='lat' dir='ltr'>huius</span> <span class='ocrx_word' id='word_1_199' title='bbox 350 1598 454 1647; x_wconf 91' lang='lat' dir='ltr'>libri</span> <span class='ocrx_word' id='word_1_200' title='bbox 473 1627 483 1659; x_wconf 91' lang='lat'>·,</span> <span class='ocrx_word' id='word_1_201' title='bbox 503 1599 624 1647; x_wconf 89' lang='lat' dir='ltr'>vnde</span> <span class='ocrx_word' id='word_1_202' title='bbox 643 1603 780 1648; x_wconf 90' lang='lat' dir='ltr'>etiam</span> <span class='ocrx_word' id='word_1_203' title='bbox 802 1618 932 1667; x_wconf 92' lang='lat' dir='ltr'>potes</span> <span class='ocrx_word' id='word_1_204' title='bbox 953 1597 1223 1665; x_wconf 85' lang='lat' dir='ltr'>descriptam</span> <span class='ocrx_word' id='word_1_205' title='bbox 1243 1604 1361 1666; x_wconf 86' lang='lat' dir='ltr'>prius</span> <span class='ocrx_word' id='word_1_206' title='bbox 1383 1609 1425 1647; x_wconf 70' lang='grc' dir='ltr'>δε</span> <span class='ocrx_word' id='word_1_207' title='bbox 1451 1595 1570 1644; x_wconf 71' lang='lat' dir='ltr'>bene</span> <span class='ocrx_word' id='word_1_208' title='bbox 1601 1597 1878 1650; x_wconf 85' lang='lat' dir='ltr'>delineatam</span> 
     </span>
     <span class='ocr_line' id='line_1_22' title="bbox 197 1666 1880 1736; baseline -0.001 -18"><span class='ocrx_word' id='word_1_209' title='bbox 197 1674 249 1718; x_wconf 85' lang='lat' dir='ltr'>in</span> <span class='ocrx_word' id='word_1_210' title='bbox 266 1666 439 1725; x_wconf 83' lang='lat' dir='ltr'>circulo</span> <span class='ocrx_word' id='word_1_211' title='bbox 458 1672 500 1718; x_wconf 90' lang='lat' dir='ltr'><strong>A</strong></span> <span class='ocrx_word' id='word_1_212' title='bbox 514 1674 546 1716; x_wconf 89' lang='lat' dir='ltr'><strong>B</strong></span> <span class='ocrx_word' id='word_1_213' title='bbox 559 1674 679 1728; x_wconf 90' lang='lat' dir='ltr'>CD,</span> <span class='ocrx_word' id='word_1_214' title='bbox 696 1672 950 1736; x_wconf 85' lang='lat' dir='ltr'>imaginem</span> <span class='ocrx_word' id='word_1_215' title='bbox 971 1666 1373 1736; x_wconf 86' lang='lat' dir='ltr'>proportionaliter</span> <span class='ocrx_word' id='word_1_216' title='bbox 1394 1684 1474 1734; x_wconf 86' lang='lat' dir='ltr'>per</span> <span class='ocrx_word' id='word_1_217' title='bbox 1498 1683 1647 1733; x_wconf 88' lang='lat' dir='ltr'>partes</span> <span class='ocrx_word' id='word_1_218' title='bbox 1675 1672 1722 1715; x_wconf 90' lang='lat' dir='ltr'>in</span> <span class='ocrx_word' id='word_1_219' title='bbox 1748 1673 1880 1716; x_wconf 85' lang='lat' dir='ltr'>coni-</span> 
     </span>
     <span class='ocr_line' id='line_1_23' title="bbox 193 1732 1877 1807; baseline -0.001 -19"><span class='ocrx_word' id='word_1_220' title='bbox 193 1757 301 1789; x_wconf 89' lang='lat' dir='ltr'>cam</span> <span class='ocrx_word' id='word_1_221' title='bbox 327 1735 611 1804; x_wconf 85' lang='lat' dir='ltr'>superficiem</span> <span class='ocrx_word' id='word_1_222' title='bbox 636 1734 767 1795; x_wconf 77' lang='lat' dir='ltr'>arch,</span> <span class='ocrx_word' id='word_1_223' title='bbox 791 1734 1059 1807; x_wconf 86' lang='lat' dir='ltr'>consignare</span> <span class='ocrx_word' id='word_1_224' title='bbox 1083 1753 1182 1803; x_wconf 82' lang='lat' dir='ltr'>quae</span> <span class='ocrx_word' id='word_1_225' title='bbox 1202 1738 1498 1805; x_wconf 85' lang='lat' dir='ltr'>quantumuis</span> <span class='ocrx_word' id='word_1_226' title='bbox 1524 1733 1629 1782; x_wconf 68' lang='lat' dir='ltr'>alias</span> <span class='ocrx_word' id='word_1_227' title='bbox 1658 1732 1877 1786; x_wconf 86' lang='lat' dir='ltr'>deformis</span> 
     </span>
     <span class='ocr_line' id='line_1_24' title="bbox 196 1800 1873 1870; baseline -0.007 -11"><span class='ocrx_word' id='word_1_228' title='bbox 196 1819 244 1859; x_wconf 91' lang='lat'>&amp;</span> <span class='ocrx_word' id='word_1_229' title='bbox 264 1803 453 1857; x_wconf 86' lang='lat' dir='ltr'>confusa</span> <span class='ocrx_word' id='word_1_230' title='bbox 467 1807 694 1869; x_wconf 87' lang='lat' dir='ltr'>videatur,</span> <span class='ocrx_word' id='word_1_231' title='bbox 710 1805 849 1856; x_wconf 92' lang='lat' dir='ltr'>oculo</span> <span class='ocrx_word' id='word_1_232' title='bbox 872 1823 1028 1854; x_wconf 90' lang='lat' dir='ltr'>tamen</span> <span class='ocrx_word' id='word_1_233' title='bbox 1049 1810 1096 1852; x_wconf 90' lang='lat' dir='ltr'>in</span> <span class='ocrx_word' id='word_1_234' title='bbox 1116 1810 1139 1853; x_wconf 91' lang='lat' dir='ltr'>S</span> <span class='ocrx_word' id='word_1_235' title='bbox 1154 1845 1166 1865; x_wconf 89' lang='lat'>,</span> <span class='ocrx_word' id='word_1_236' title='bbox 1183 1805 1433 1853; x_wconf 87' lang='lat' dir='ltr'>constituto</span> <span class='ocrx_word' id='word_1_237' title='bbox 1465 1800 1584 1850; x_wconf 64' lang='lat' dir='ltr'>bene</span> <span class='ocrx_word' id='word_1_238' title='bbox 1606 1812 1650 1853; x_wconf 73' lang='grc' dir='ltr'>δε</span> <span class='ocrx_word' id='word_1_239' title='bbox 1673 1822 1725 1852; x_wconf 82' lang='lat' dir='ltr'>ex</span> <span class='ocrx_word' id='word_1_240' title='bbox 1755 1802 1873 1870; x_wconf 80' lang='lat' dir='ltr'>sym..</span> 
     </span>
     <span class='ocr_line' id='line_1_25' title="bbox 196 1871 1874 1946; baseline -0.002 -18"><span class='ocrx_word' id='word_1_241' title='bbox 196 1894 296 1928; x_wconf 86' lang='lat' dir='ltr'>met</span> <span class='ocrx_word' id='word_1_242' title='bbox 304 1881 375 1925; x_wconf 85' lang='lat' dir='ltr'>riae</span> <span class='ocrx_word' id='word_1_243' title='bbox 391 1873 572 1946; x_wconf 86' lang='lat' dir='ltr'>legibus</span> <span class='ocrx_word' id='word_1_244' title='bbox 593 1874 864 1924; x_wconf 90' lang='lat' dir='ltr'>adumbrata</span> <span class='ocrx_word' id='word_1_245' title='bbox 876 1894 982 1937; x_wconf 88' lang='lat' dir='ltr'>,nec</span> <span class='ocrx_word' id='word_1_246' title='bbox 1000 1890 1254 1943; x_wconf 82' lang='lat' dir='ltr'>prototypae</span> <span class='ocrx_word' id='word_1_247' title='bbox 1268 1871 1484 1922; x_wconf 79' lang='lat' dir='ltr'>dissimilis</span> <span class='ocrx_word' id='word_1_248' title='bbox 1497 1890 1732 1940; x_wconf 84' lang='lat' dir='ltr'>appareat,</span> <span class='ocrx_word' id='word_1_249' title='bbox 1744 1874 1874 1943; x_wconf 87' lang='lat' dir='ltr'>quod</span> 
     </span>
     <span class='ocr_line' id='line_1_26' title="bbox 200 1941 594 1995; baseline -0.005 0"><span class='ocrx_word' id='word_1_250' title='bbox 200 1964 296 1995; x_wconf 81' lang='lat' dir='ltr'>erat</span> <span class='ocrx_word' id='word_1_251' title='bbox 316 1941 594 1994; x_wconf 88' lang='lat' dir='ltr'>faciendum.</span> 
     </span>
    </p>

    <p class='ocr_par' dir='ltr' id='par_1_3' title="bbox 196 2008 1876 2429">
     <span class='ocr_line' id='line_1_27' title="bbox 272 2008 1876 2084; baseline -0.001 -21"><span class='ocrx_word' id='word_1_252' title='bbox 272 2019 347 2063; x_wconf 92' lang='lat' dir='ltr'>De</span> <span class='ocrx_word' id='word_1_253' title='bbox 367 2014 636 2064; x_wconf 57' lang='lat' dir='ltr'>reductione</span> <span class='ocrx_word' id='word_1_254' title='bbox 653 2011 763 2063; x_wconf 71' lang='lat' dir='ltr'>vero</span> <span class='ocrx_word' id='word_1_255' title='bbox 779 2015 1113 2084; x_wconf 86' lang='lat' dir='ltr'>proportionali</span> <span class='ocrx_word' id='word_1_256' title='bbox 1132 2019 1328 2084; x_wconf 88' lang='lat' dir='ltr'>partium</span> <span class='ocrx_word' id='word_1_257' title='bbox 1344 2015 1554 2083; x_wconf 81' lang='lat' dir='ltr'>imaginis</span> <span class='ocrx_word' id='word_1_258' title='bbox 1568 2019 1612 2061; x_wconf 77' lang='grc' dir='ltr'>δε</span> <span class='ocrx_word' id='word_1_259' title='bbox 1629 2008 1876 2062; x_wconf 62' lang='grc' dir='ltr'>ῑῑειηίῖειῑίοέ</span> 
     </span>
     <span class='ocr_line' id='line_1_28' title="bbox 199 2080 1873 2154; baseline -0.001 -22"><span class='ocrx_word' id='word_1_260' title='bbox 199 2102 260 2132; x_wconf 91' lang='lat' dir='ltr'>ne</span> <span class='ocrx_word' id='word_1_261' title='bbox 276 2081 301 2132; x_wconf 69' lang='lat' dir='ltr'>a</span> <span class='ocrx_word' id='word_1_262' title='bbox 318 2083 633 2152; x_wconf 89' lang='lat' dir='ltr'>quadrilateris</span> <span class='ocrx_word' id='word_1_263' title='bbox 651 2082 745 2132; x_wconf 87' lang='lat' dir='ltr'>siue</span> <span class='ocrx_word' id='word_1_264' title='bbox 764 2084 925 2133; x_wconf 89' lang='lat' dir='ltr'>areolis</span> <span class='ocrx_word' id='word_1_265' title='bbox 947 2086 1285 2154; x_wconf 84' lang='lat' dir='ltr'>diagrammatis</span> <span class='ocrx_word' id='word_1_266' title='bbox 1312 2086 1347 2130; x_wconf 94' lang='lat' dir='ltr'>L</span> <span class='ocrx_word' id='word_1_267' title='bbox 1360 2088 1402 2131; x_wconf 91' lang='lat' dir='ltr'>II</span> <span class='ocrx_word' id='word_1_268' title='bbox 1414 2125 1426 2145; x_wconf 91' lang='lat'>,</span> <span class='ocrx_word' id='word_1_269' title='bbox 1438 2088 1485 2130; x_wconf 89' lang='lat' dir='ltr'>in</span> <span class='ocrx_word' id='word_1_270' title='bbox 1503 2081 1759 2151; x_wconf 82' lang='lat' dir='ltr'>homologa</span> <span class='ocrx_word' id='word_1_271' title='bbox 1782 2080 1873 2149; x_wconf 84' lang='lat' dir='ltr'>spa-</span> 
     </span>
     <span class='ocr_line' id='line_1_29' title="bbox 199 2150 1872 2215; baseline -0.001 -14"><span class='ocrx_word' id='word_1_272' title='bbox 199 2158 264 2201; x_wconf 85' lang='lat' dir='ltr'>tia</span> <span class='ocrx_word' id='word_1_273' title='bbox 280 2150 521 2201; x_wconf 88' lang='lat' dir='ltr'>schematis</span> <span class='ocrx_word' id='word_1_274' title='bbox 537 2157 685 2215; x_wconf 89' lang='lat' dir='ltr'>LIII,</span> <span class='ocrx_word' id='word_1_275' title='bbox 706 2153 820 2202; x_wconf 88' lang='lat' dir='ltr'>nihil</span> <span class='ocrx_word' id='word_1_276' title='bbox 835 2153 912 2202; x_wconf 77' lang='lat' dir='ltr'>liic</span> <span class='ocrx_word' id='word_1_277' title='bbox 932 2160 1097 2202; x_wconf 89' lang='lat' dir='ltr'>attinet</span> <span class='ocrx_word' id='word_1_278' title='bbox 1121 2154 1294 2213; x_wconf 85' lang='lat' dir='ltr'>dicere,</span> <span class='ocrx_word' id='word_1_279' title='bbox 1316 2171 1401 2200; x_wconf 87' lang='lat' dir='ltr'>nec</span> <span class='ocrx_word' id='word_1_280' title='bbox 1424 2151 1481 2201; x_wconf 87' lang='lat' dir='ltr'>ad</span> <span class='ocrx_word' id='word_1_281' title='bbox 1508 2151 1593 2199; x_wconf 89' lang='lat' dir='ltr'>alia</span> <span class='ocrx_word' id='word_1_282' title='bbox 1618 2150 1750 2199; x_wconf 81' lang='lat' dir='ltr'>liuius</span> <span class='ocrx_word' id='word_1_283' title='bbox 1778 2154 1872 2200; x_wconf 44' lang='lat' dir='ltr'>Ta*</span> 
     </span>
     <span class='ocr_line' id='line_1_30' title="bbox 199 2217 1873 2290; baseline -0.002 -20"><span class='ocrx_word' id='word_1_284' title='bbox 199 2219 317 2270; x_wconf 84' lang='lat' dir='ltr'>bulae</span> <span class='ocrx_word' id='word_1_285' title='bbox 336 2241 383 2281; x_wconf 82' lang='lat'>30</span> <span class='ocrx_word' id='word_1_286' title='bbox 403 2221 752 2290; x_wconf 82' lang='lat' dir='ltr'>diagrammata,</span> <span class='ocrx_word' id='word_1_287' title='bbox 776 2241 883 2272; x_wconf 90' lang='lat' dir='ltr'>cum</span> <span class='ocrx_word' id='word_1_288' title='bbox 900 2219 1005 2271; x_wconf 69' lang='lat' dir='ltr'>alias</span> <span class='ocrx_word' id='word_1_289' title='bbox 1025 2241 1076 2270; x_wconf 82' lang='lat' dir='ltr'>ex</span> <span class='ocrx_word' id='word_1_290' title='bbox 1126 2220 1454 2270; x_wconf 85' lang='lat' dir='ltr'>raecedentibus</span> <span class='ocrx_word' id='word_1_291' title='bbox 1473 2220 1605 2269; x_wconf 87' lang='lat' dir='ltr'>huius</span> <span class='ocrx_word' id='word_1_292' title='bbox 1636 2217 1744 2268; x_wconf 90' lang='lat' dir='ltr'>libri</span> <span class='ocrx_word' id='word_1_293' title='bbox 1767 2236 1873 2288; x_wconf 75' lang='lat' dir='ltr'>pro-</span> 
     </span>
     <span class='ocr_line' id='line_1_31' title="bbox 196 2241 1872 2360; baseline -0.001 -23"><span class='ocrx_word' id='word_1_294' title='bbox 196 2287 506 2359; x_wconf 87' lang='lat' dir='ltr'>positionibus</span> <span class='ocrx_word' id='word_1_295' title='bbox 521 2288 619 2340; x_wconf 88' lang='lat' dir='ltr'>satis</span> <span class='ocrx_word' id='word_1_296' title='bbox 642 2289 898 2340; x_wconf 89' lang='lat' dir='ltr'>innotescat</span> <span class='ocrx_word' id='word_1_297' title='bbox 914 2241 1311 2360; x_wconf 46' lang='lat' dir='ltr'>quemadmodum</span> <span class='ocrx_word' id='word_1_298' title='bbox 1330 2295 1377 2338; x_wconf 88' lang='lat' dir='ltr'>in</span> <span class='ocrx_word' id='word_1_299' title='bbox 1395 2289 1479 2339; x_wconf 77' lang='lat' dir='ltr'>liae</span> <span class='ocrx_word' id='word_1_300' title='bbox 1500 2286 1774 2338; x_wconf 76' lang='lat' dir='ltr'>&amp;similibus</span> <span class='ocrx_word' id='word_1_301' title='bbox 1794 2286 1872 2337; x_wconf 87' lang='lat' dir='ltr'>ser-</span> 
     </span>
     <span class='ocr_line' id='line_1_32' title="bbox 197 2354 1853 2429; baseline -0.002 -21"><span class='ocrx_word' id='word_1_302' title='bbox 197 2361 302 2408; x_wconf 68' lang='lat' dir='ltr'>uata</span> <span class='ocrx_word' id='word_1_303' title='bbox 320 2364 620 2429; x_wconf 88' lang='lat' dir='ltr'>proportione</span> <span class='ocrx_word' id='word_1_304' title='bbox 638 2354 916 2408; x_wconf 84' lang='lat' dir='ltr'>instituenda</span> <span class='ocrx_word' id='word_1_305' title='bbox 933 2356 1001 2409; x_wconf 76' lang='lat' dir='ltr'>fit.</span> <span class='ocrx_word' id='word_1_306' title='bbox 1852 2400 1853 2405; x_wconf 72' lang='grc'>,</span> 
     </span>
    </p>

    <p class='ocr_par' dir='ltr' id='par_1_4' title="bbox 178 2424 1873 3392">
     <span class='ocr_line' id='line_1_33' title="bbox 269 2424 1868 2496; baseline 0 -19"><span class='ocrx_word' id='word_1_307' title='bbox 269 2428 416 2482; x_wconf 85' lang='lat' dir='ltr'>Quod</span> <span class='ocrx_word' id='word_1_308' title='bbox 441 2424 612 2496; x_wconf 68' lang='lat' dir='ltr'>spestat</span> <span class='ocrx_word' id='word_1_309' title='bbox 638 2429 697 2477; x_wconf 86' lang='lat' dir='ltr'>ad</span> <span class='ocrx_word' id='word_1_310' title='bbox 724 2434 953 2478; x_wconf 89' lang='lat' dir='ltr'>internam</span> <span class='ocrx_word' id='word_1_311' title='bbox 979 2426 1054 2478; x_wconf 88' lang='lat' dir='ltr'>seu</span> <span class='ocrx_word' id='word_1_312' title='bbox 1080 2448 1335 2479; x_wconf 89' lang='lat' dir='ltr'>concauam</span> <span class='ocrx_word' id='word_1_313' title='bbox 1365 2433 1472 2479; x_wconf 91' lang='lat' dir='ltr'>coni</span> <span class='ocrx_word' id='word_1_314' title='bbox 1499 2424 1783 2496; x_wconf 85' lang='lat' dir='ltr'>superficiem</span> <span class='ocrx_word' id='word_1_315' title='bbox 1802 2455 1813 2487; x_wconf 79' lang='lat'><em>3</em></span> <span class='ocrx_word' id='word_1_316' title='bbox 1833 2426 1868 2477; x_wconf 80' lang='lat' dir='ltr'>fi</span> 
     </span>
     <span class='ocr_line' id='line_1_34' title="bbox 196 2494 1873 2568; baseline 0 -22"><span class='ocrx_word' id='word_1_317' title='bbox 196 2496 303 2546; x_wconf 85' lang='lat' dir='ltr'>velis</span> <span class='ocrx_word' id='word_1_318' title='bbox 323 2502 371 2545; x_wconf 90' lang='lat' dir='ltr'>in</span> <span class='ocrx_word' id='word_1_319' title='bbox 396 2516 449 2547; x_wconf 89' lang='lat' dir='ltr'>ea</span> <span class='ocrx_word' id='word_1_320' title='bbox 465 2494 792 2547; x_wconf 79' lang='lat' dir='ltr'>simulachrum</span> <span class='ocrx_word' id='word_1_321' title='bbox 810 2498 1000 2568; x_wconf 87' lang='lat' dir='ltr'>aliquod</span> <span class='ocrx_word' id='word_1_322' title='bbox 1017 2497 1288 2547; x_wconf 82' lang='lat' dir='ltr'>adumbrare</span> <span class='ocrx_word' id='word_1_323' title='bbox 1301 2540 1313 2559; x_wconf 91' lang='lat'>,</span> <span class='ocrx_word' id='word_1_324' title='bbox 1326 2518 1374 2548; x_wconf 89' lang='lat' dir='ltr'>vt</span> <span class='ocrx_word' id='word_1_325' title='bbox 1397 2501 1689 2566; x_wconf 88' lang='lat' dir='ltr'>proponitur,</span> <span class='ocrx_word' id='word_1_326' title='bbox 1708 2496 1873 2546; x_wconf 89' lang='lat' dir='ltr'>eadem</span> 
     </span>
     <span class='ocr_line' id='line_1_35' title="bbox 196 2561 1870 2636; baseline -0.001 -21"><span class='ocrx_word' id='word_1_327' title='bbox 196 2571 392 2615; x_wconf 89' lang='lat' dir='ltr'>omnino</span> <span class='ocrx_word' id='word_1_328' title='bbox 413 2571 461 2615; x_wconf 91' lang='lat' dir='ltr'>in</span> <span class='ocrx_word' id='word_1_329' title='bbox 481 2565 802 2616; x_wconf 89' lang='lat' dir='ltr'>distribuendis</span> <span class='ocrx_word' id='word_1_330' title='bbox 821 2585 903 2636; x_wconf 88' lang='lat' dir='ltr'>per</span> <span class='ocrx_word' id='word_1_331' title='bbox 919 2567 1090 2617; x_wconf 84' lang='lat' dir='ltr'>areolas</span> <span class='ocrx_word' id='word_1_332' title='bbox 1107 2571 1317 2636; x_wconf 83' lang='lat' dir='ltr'>imaginis</span> <span class='ocrx_word' id='word_1_333' title='bbox 1338 2567 1539 2636; x_wconf 88' lang='lat' dir='ltr'>partibus</span> <span class='ocrx_word' id='word_1_334' title='bbox 1561 2561 1791 2633; x_wconf 89' lang='lat' dir='ltr'>dispositio</span> <span class='ocrx_word' id='word_1_335' title='bbox 1802 2563 1870 2614; x_wconf 47' lang='lat' dir='ltr'>afa</span> 
     </span>
     <span class='ocr_line' id='line_1_36' title="bbox 197 2631 1870 2704; baseline 0.001 -21"><span class='ocrx_word' id='word_1_336' title='bbox 197 2631 387 2685; x_wconf 87' lang='lat' dir='ltr'>ferenda</span> <span class='ocrx_word' id='word_1_337' title='bbox 403 2637 491 2696; x_wconf 90' lang='lat' dir='ltr'>est,</span> <span class='ocrx_word' id='word_1_338' title='bbox 508 2654 564 2684; x_wconf 80' lang='lat' dir='ltr'>ex</span> <span class='ocrx_word' id='word_1_339' title='bbox 580 2637 909 2704; x_wconf 87' lang='lat' dir='ltr'>diagrammate</span> <span class='ocrx_word' id='word_1_340' title='bbox 924 2640 1034 2698; x_wconf 90' lang='lat' dir='ltr'>LII,</span> <span class='ocrx_word' id='word_1_341' title='bbox 1055 2655 1102 2685; x_wconf 89' lang='lat' dir='ltr'>vt</span> <span class='ocrx_word' id='word_1_342' title='bbox 1122 2655 1207 2704; x_wconf 80' lang='lat' dir='ltr'>pro</span> <span class='ocrx_word' id='word_1_343' title='bbox 1236 2654 1442 2685; x_wconf 82' lang='lat' dir='ltr'>conuexa</span> <span class='ocrx_word' id='word_1_344' title='bbox 1464 2662 1475 2694; x_wconf 88' lang='lat'>·,</span> <span class='ocrx_word' id='word_1_345' title='bbox 1499 2644 1542 2683; x_wconf 87' lang='lat'>&amp;</span> <span class='ocrx_word' id='word_1_346' title='bbox 1568 2639 1615 2682; x_wconf 88' lang='lat' dir='ltr'>in</span> <span class='ocrx_word' id='word_1_347' title='bbox 1639 2631 1870 2684; x_wconf 84' lang='lat' dir='ltr'>schemate</span> 
     </span>
     <span class='ocr_line' id='line_1_37' title="bbox 195 2701 1859 2773; baseline -0.001 -20"><span class='ocrx_word' id='word_1_348' title='bbox 195 2707 337 2766; x_wconf 91' lang='lat' dir='ltr'>LIV,</span> <span class='ocrx_word' id='word_1_349' title='bbox 354 2701 554 2773; x_wconf 67' lang='lat' dir='ltr'>exposita</span> <span class='ocrx_word' id='word_1_350' title='bbox 573 2703 687 2753; x_wconf 88' lang='lat' dir='ltr'>basis</span> <span class='ocrx_word' id='word_1_351' title='bbox 706 2709 815 2753; x_wconf 89' lang='lat' dir='ltr'>coni</span> <span class='ocrx_word' id='word_1_352' title='bbox 833 2705 1057 2754; x_wconf 85' lang='lat' dir='ltr'>diametro</span> <span class='ocrx_word' id='word_1_353' title='bbox 1076 2703 1307 2770; x_wconf 60' lang='lat' dir='ltr'>ac,]oculo</span> <span class='ocrx_word' id='word_1_354' title='bbox 1325 2704 1575 2754; x_wconf 77' lang='lat' dir='ltr'>constituto</span> <span class='ocrx_word' id='word_1_355' title='bbox 1594 2708 1641 2750; x_wconf 85' lang='lat' dir='ltr'>in</span> <span class='ocrx_word' id='word_1_356' title='bbox 1657 2707 1701 2751; x_wconf 93' lang='lat' dir='ltr'>X</span> <span class='ocrx_word' id='word_1_357' title='bbox 1709 2706 1793 2762; x_wconf 88' lang='lat' dir='ltr'>,ita</span> <span class='ocrx_word' id='word_1_358' title='bbox 1811 2720 1859 2752; x_wconf 86' lang='lat' dir='ltr'>vt</span> 
     </span>
     <span class='ocr_line' id='line_1_38' title="bbox 195 2768 1867 2840; baseline -0.001 -19"><span class='ocrx_word' id='word_1_359' title='bbox 195 2777 245 2824; x_wconf 87' lang='lat' dir='ltr'>in</span> <span class='ocrx_word' id='word_1_360' title='bbox 267 2772 490 2822; x_wconf 62' lang='lat' dir='ltr'>directum</span> <span class='ocrx_word' id='word_1_361' title='bbox 506 2778 683 2823; x_wconf 88' lang='lat' dir='ltr'>iaceant</span> <span class='ocrx_word' id='word_1_362' title='bbox 703 2777 796 2831; x_wconf 90' lang='lat' dir='ltr'>Xo‚</span> <span class='ocrx_word' id='word_1_363' title='bbox 819 2783 863 2823; x_wconf 89' lang='lat'>&amp;</span> <span class='ocrx_word' id='word_1_364' title='bbox 878 2793 950 2828; x_wconf 79' lang='lat' dir='ltr'>or,</span> <span class='ocrx_word' id='word_1_365' title='bbox 966 2780 1056 2823; x_wconf 81' lang='lat' dir='ltr'>axis</span> <span class='ocrx_word' id='word_1_366' title='bbox 1075 2779 1205 2830; x_wconf 85' lang='lat' dir='ltr'>coni,</span> <span class='ocrx_word' id='word_1_367' title='bbox 1228 2772 1300 2822; x_wconf 91' lang='lat' dir='ltr'>vel</span> <span class='ocrx_word' id='word_1_368' title='bbox 1317 2771 1371 2822; x_wconf 91' lang='lat' dir='ltr'>sit</span> <span class='ocrx_word' id='word_1_369' title='bbox 1388 2777 1510 2821; x_wconf 64' lang='lat' dir='ltr'>recta</span> <span class='ocrx_word' id='word_1_370' title='bbox 1536 2771 1655 2819; x_wconf 84' lang='lat' dir='ltr'>linea</span> <span class='ocrx_word' id='word_1_371' title='bbox 1670 2775 1765 2825; x_wconf 87' lang='lat' dir='ltr'>Xr,</span> <span class='ocrx_word' id='word_1_372' title='bbox 1783 2768 1867 2840; x_wconf 71' lang='lat' dir='ltr'>ipsi</span> 
     </span>
     <span class='ocr_line' id='line_1_39' title="bbox 192 2838 1866 2911; baseline -0.001 -22"><span class='ocrx_word' id='word_1_373' title='bbox 192 2859 269 2899; x_wconf 83' lang='lat' dir='ltr'>ac,</span> <span class='ocrx_word' id='word_1_374' title='bbox 288 2841 347 2890; x_wconf 88' lang='lat' dir='ltr'>ad</span> <span class='ocrx_word' id='word_1_375' title='bbox 366 2843 574 2891; x_wconf 88' lang='lat' dir='ltr'>medium</span> <span class='ocrx_word' id='word_1_376' title='bbox 610 2846 833 2910; x_wconf 59' lang='lat' dir='ltr'>punQum</span> <span class='ocrx_word' id='word_1_377' title='bbox 853 2863 896 2903; x_wconf 90' lang='lat' dir='ltr'>o,</span> <span class='ocrx_word' id='word_1_378' title='bbox 917 2841 1299 2911; x_wconf 86' lang='lat' dir='ltr'>perpendicularis</span> <span class='ocrx_word' id='word_1_379' title='bbox 1316 2884 1328 2902; x_wconf 94' lang='lat'>,</span> <span class='ocrx_word' id='word_1_380' title='bbox 1354 2841 1554 2890; x_wconf 85' lang='lat' dir='ltr'>ducendi</span> <span class='ocrx_word' id='word_1_381' title='bbox 1575 2838 1675 2888; x_wconf 88' lang='lat' dir='ltr'>sunt</span> <span class='ocrx_word' id='word_1_382' title='bbox 1699 2838 1723 2887; x_wconf 71' lang='lat' dir='ltr'>a</span> <span class='ocrx_word' id='word_1_383' title='bbox 1750 2846 1866 2908; x_wconf 47' lang='lat' dir='ltr'>peria</span> 
     </span>
     <span class='ocr_line' id='line_1_40' title="bbox 197 2908 1864 2981; baseline -0.002 -22"><span class='ocrx_word' id='word_1_384' title='bbox 197 2910 356 2981; x_wconf 85' lang='lat' dir='ltr'>pheria</span> <span class='ocrx_word' id='word_1_385' title='bbox 372 2908 488 2961; x_wconf 83' lang='lat' dir='ltr'>basis</span> <span class='ocrx_word' id='word_1_386' title='bbox 509 2915 617 2963; x_wconf 83' lang='lat' dir='ltr'>coni</span> <span class='ocrx_word' id='word_1_387' title='bbox 635 2909 838 2960; x_wconf 87' lang='lat' dir='ltr'>similiter</span> <span class='ocrx_word' id='word_1_388' title='bbox 858 2912 1000 2960; x_wconf 64' lang='lat' dir='ltr'>diuisa</span> <span class='ocrx_word' id='word_1_389' title='bbox 1012 2952 1024 2971; x_wconf 95' lang='lat'>,</span> <span class='ocrx_word' id='word_1_390' title='bbox 1040 2930 1088 2960; x_wconf 90' lang='lat' dir='ltr'>vt</span> <span class='ocrx_word' id='word_1_391' title='bbox 1106 2909 1324 2979; x_wconf 78' lang='lat' dir='ltr'>superius,</span> <span class='ocrx_word' id='word_1_392' title='bbox 1343 2911 1455 2959; x_wconf 84' lang='lat' dir='ltr'>radii</span> <span class='ocrx_word' id='word_1_393' title='bbox 1474 2928 1546 2963; x_wconf 85' lang='lat' dir='ltr'>ar,</span> <span class='ocrx_word' id='word_1_394' title='bbox 1558 2930 1575 2957; x_wconf 86' lang='lat' dir='ltr'>e</span> <span class='ocrx_word' id='word_1_395' title='bbox 1591 2928 1627 2962; x_wconf 88' lang='lat' dir='ltr'>r,</span> <span class='ocrx_word' id='word_1_396' title='bbox 1630 2909 1705 2976; x_wconf 83' lang='lat' dir='ltr'>fr,</span> <span class='ocrx_word' id='word_1_397' title='bbox 1719 2909 1864 2974; x_wconf 64' lang='lat' dir='ltr'>&amp;aad</span> 
     </span>
     <span class='ocr_line' id='line_1_41' title="bbox 195 2975 1862 3049; baseline -0.004 -20"><span class='ocrx_word' id='word_1_398' title='bbox 195 2982 413 3029; x_wconf 84' lang='lat' dir='ltr'>verticem</span> <span class='ocrx_word' id='word_1_399' title='bbox 441 2984 775 3049; x_wconf 87' lang='lat' dir='ltr'>pertingentes,</span> <span class='ocrx_word' id='word_1_400' title='bbox 795 2991 839 3031; x_wconf 73' lang='grc' dir='ltr'>δε</span> <span class='ocrx_word' id='word_1_401' title='bbox 853 2978 878 3028; x_wconf 70' lang='lat' dir='ltr'>a</span> <span class='ocrx_word' id='word_1_402' title='bbox 896 2985 1070 3048; x_wconf 63' lang='lat' dir='ltr'>puncto</span> <span class='ocrx_word' id='word_1_403' title='bbox 1100 2986 1168 3040; x_wconf 88' lang='lat' dir='ltr'>X,</span> <span class='ocrx_word' id='word_1_404' title='bbox 1186 2998 1267 3047; x_wconf 90' lang='lat' dir='ltr'>per</span> <span class='ocrx_word' id='word_1_405' title='bbox 1290 2978 1417 3049; x_wconf 84' lang='lat' dir='ltr'>signa</span> <span class='ocrx_word' id='word_1_406' title='bbox 1445 2996 1693 3049; x_wconf 69' lang='lat' dir='ltr'>amnopqc,</span> <span class='ocrx_word' id='word_1_407' title='bbox 1710 2975 1862 3025; x_wconf 61' lang='lat' dir='ltr'>fimili„</span> 
     </span>
     <span class='ocr_line' id='line_1_42' title="bbox 196 3045 1859 3105; baseline -0.004 -6"><span class='ocrx_word' id='word_1_408' title='bbox 196 3067 266 3099; x_wconf 90' lang='lat' dir='ltr'>ter</span> <span class='ocrx_word' id='word_1_409' title='bbox 288 3045 434 3097; x_wconf 85' lang='lat' dir='ltr'>diuisae</span> <span class='ocrx_word' id='word_1_410' title='bbox 462 3049 672 3097; x_wconf 87' lang='lat' dir='ltr'>diametri</span> <span class='ocrx_word' id='word_1_411' title='bbox 697 3068 772 3102; x_wconf 83' lang='lat' dir='ltr'>ac,</span> <span class='ocrx_word' id='word_1_412' title='bbox 790 3048 1009 3098; x_wconf 83' lang='lat' dir='ltr'>ducendae</span> <span class='ocrx_word' id='word_1_413' title='bbox 1031 3047 1158 3097; x_wconf 84' lang='lat' dir='ltr'>lineae</span> <span class='ocrx_word' id='word_1_414' title='bbox 1186 3047 1375 3097; x_wconf 88' lang='lat' dir='ltr'>occultae</span> <span class='ocrx_word' id='word_1_415' title='bbox 1400 3054 1444 3097; x_wconf 92' lang='lat' dir='ltr'>X</span> <span class='ocrx_word' id='word_1_416' title='bbox 1453 3067 1495 3104; x_wconf 76' lang='lat' dir='ltr'>a,</span> <span class='ocrx_word' id='word_1_417' title='bbox 1512 3054 1622 3104; x_wconf 86' lang='lat' dir='ltr'>Xm,</span> <span class='ocrx_word' id='word_1_418' title='bbox 1643 3052 1722 3096; x_wconf 89' lang='lat' dir='ltr'>Xn</span> <span class='ocrx_word' id='word_1_419' title='bbox 1738 3085 1751 3105; x_wconf 83' lang='lat'>,</span> <span class='ocrx_word' id='word_1_420' title='bbox 1776 3055 1859 3094; x_wconf 59' lang='lat' dir='ltr'>&amp;a</span> 
     </span>
     <span class='ocr_line' id='line_1_43' title="bbox 196 3111 1860 3187; baseline -0.004 -21"><span class='ocrx_word' id='word_1_421' title='bbox 196 3135 297 3187; x_wconf 89' lang='lat' dir='ltr'>quae</span> <span class='ocrx_word' id='word_1_422' title='bbox 316 3121 423 3165; x_wconf 88' lang='lat' dir='ltr'>coni</span> <span class='ocrx_word' id='word_1_423' title='bbox 439 3116 554 3167; x_wconf 87' lang='lat' dir='ltr'>latus</span> <span class='ocrx_word' id='word_1_424' title='bbox 575 3114 855 3171; x_wconf 84' lang='lat' dir='ltr'>ar‚secantes</span> <span class='ocrx_word' id='word_1_425' title='bbox 876 3122 924 3165; x_wconf 91' lang='lat' dir='ltr'>in</span> <span class='ocrx_word' id='word_1_426' title='bbox 940 3115 1334 3187; x_wconf 84' lang='lat' dir='ltr'>tx,designabunt</span> <span class='ocrx_word' id='word_1_427' title='bbox 1353 3116 1455 3165; x_wconf 90' lang='lat' dir='ltr'>loca</span> <span class='ocrx_word' id='word_1_428' title='bbox 1472 3136 1552 3185; x_wconf 86' lang='lat' dir='ltr'>per</span> <span class='ocrx_word' id='word_1_429' title='bbox 1570 3134 1668 3186; x_wconf 80' lang='lat' dir='ltr'>quae</span> <span class='ocrx_word' id='word_1_430' title='bbox 1685 3111 1860 3161; x_wconf 86' lang='lat' dir='ltr'>debent</span> 
     </span>
     <span class='ocr_line' id='line_1_44' title="bbox 178 3182 1861 3254; baseline -0.004 -17"><span class='ocrx_word' id='word_1_431' title='bbox 178 3184 353 3237; x_wconf 19' lang='lat' dir='ltr'>,circuli</span> <span class='ocrx_word' id='word_1_432' title='bbox 380 3183 475 3233; x_wconf 86' lang='lat' dir='ltr'>basi</span> <span class='ocrx_word' id='word_1_433' title='bbox 493 3186 694 3254; x_wconf 89' lang='lat' dir='ltr'>paralleli</span> <span class='ocrx_word' id='word_1_434' title='bbox 716 3191 764 3233; x_wconf 90' lang='lat' dir='ltr'>iti</span> <span class='ocrx_word' id='word_1_435' title='bbox 780 3205 902 3235; x_wconf 92' lang='lat' dir='ltr'>cono</span> <span class='ocrx_word' id='word_1_436' title='bbox 921 3184 1135 3247; x_wconf 89' lang='lat' dir='ltr'>describi,</span> <span class='ocrx_word' id='word_1_437' title='bbox 1153 3196 1196 3236; x_wconf 86' lang='lat'>&amp;</span> <span class='ocrx_word' id='word_1_438' title='bbox 1217 3183 1355 3253; x_wconf 89' lang='lat' dir='ltr'>spatia</span> <span class='ocrx_word' id='word_1_439' title='bbox 1373 3182 1745 3233; x_wconf 87' lang='lat' dir='ltr'>determinabunt</span> <span class='ocrx_word' id='word_1_440' title='bbox 1761 3197 1861 3249; x_wconf 77' lang='lat' dir='ltr'>quae</span> 
     </span>
     <span class='ocr_line' id='line_1_45' title="bbox 196 3247 1858 3323; baseline -0.004 -19"><span class='ocrx_word' id='word_1_441' title='bbox 196 3255 250 3304; x_wconf 69' lang='grc' dir='ltr'>ἐκ</span> <span class='ocrx_word' id='word_1_442' title='bbox 267 3251 488 3323; x_wconf 83' lang='lat' dir='ltr'>assignato</span> <span class='ocrx_word' id='word_1_443' title='bbox 511 3260 684 3323; x_wconf 57' lang='lat' dir='ltr'>puncto</span> <span class='ocrx_word' id='word_1_444' title='bbox 701 3273 950 3323; x_wconf 88' lang='lat' dir='ltr'>appareant</span> <span class='ocrx_word' id='word_1_445' title='bbox 967 3252 1197 3322; x_wconf 85' lang='lat' dir='ltr'>descriptis</span> <span class='ocrx_word' id='word_1_446' title='bbox 1225 3258 1272 3301; x_wconf 89' lang='lat' dir='ltr'>in</span> <span class='ocrx_word' id='word_1_447' title='bbox 1295 3253 1468 3302; x_wconf 91' lang='lat' dir='ltr'>circulo</span> <span class='ocrx_word' id='word_1_448' title='bbox 1494 3256 1574 3302; x_wconf 87' lang='lat' dir='ltr'>AB</span> <span class='ocrx_word' id='word_1_449' title='bbox 1590 3256 1684 3301; x_wconf 92' lang='lat' dir='ltr'>CD</span> <span class='ocrx_word' id='word_1_450' title='bbox 1699 3290 1712 3309; x_wconf 92' lang='lat'>‚</span> <span class='ocrx_word' id='word_1_451' title='bbox 1735 3247 1858 3299; x_wconf 72' lang='lat' dir='ltr'>sche-</span> 
     </span>
     <span class='ocr_line' id='line_1_46' title="bbox 196 3317 1856 3392; baseline -0.005 -15"><span class='ocrx_word' id='word_1_452' title='bbox 196 3328 330 3377; x_wconf 82' lang='lat' dir='ltr'>matis</span> <span class='ocrx_word' id='word_1_453' title='bbox 353 3327 447 3374; x_wconf 93' lang='lat' dir='ltr'>LII</span> <span class='ocrx_word' id='word_1_454' title='bbox 466 3363 481 3384; x_wconf 90' lang='lat'>,</span> <span class='ocrx_word' id='word_1_455' title='bbox 507 3324 696 3392; x_wconf 86' lang='lat' dir='ltr'>aequalia</span> <span class='ocrx_word' id='word_1_456' title='bbox 710 3364 724 3386; x_wconf 92' lang='lat'>,</span> <span class='ocrx_word' id='word_1_457' title='bbox 746 3341 948 3392; x_wconf 87' lang='lat' dir='ltr'>quorum</span> <span class='ocrx_word' id='word_1_458' title='bbox 972 3328 1182 3374; x_wconf 87' lang='lat' dir='ltr'>omnium</span> <span class='ocrx_word' id='word_1_459' title='bbox 1198 3322 1524 3372; x_wconf 85' lang='lat' dir='ltr'>demonstratio</span> <span class='ocrx_word' id='word_1_460' title='bbox 1543 3317 1641 3371; x_wconf 74' lang='lat' dir='ltr'>satis</span> <span class='ocrx_word' id='word_1_461' title='bbox 1658 3335 1784 3388; x_wconf 82' lang='lat' dir='ltr'>patet</span> <span class='ocrx_word' id='word_1_462' title='bbox 1802 3336 1856 3368; x_wconf 72' lang='lat' dir='ltr'>ex</span> 
     </span>
    </p>
   </div>
  </div>
 </body>
</html>
