2498 3898
665 203 915 253 LIBER
989 200 1340 253 PRIMVS.
1803 214 1859 263 39

181 274 388 345 aequalia,
410 270 531 321 bases
547 268 636 320 siue
653 268 901 338 superficies
922 288 1077 318 corum
1099 289 1253 318 omnes
1271 274 1385 318 inter
1407 266 1447 317 se
1468 264 1625 317 similes
1650 282 1692 322 ὃ(
1714 285 1862 342 aequa-

183 345 265 401 les,
286 342 440 412 anguli
465 342 663 410 denique
690 357 849 388 omnes
874 338 1005 387 solidi
1038 342 1227 408 aequales
1247 361 1257 387 ε
1280 341 1401 389 vnde
1431 348 1474 388 &
1502 337 1593 406 ipsa
1616 343 1858 406 corporali

184 410 351 480 sphaera
366 411 518 479 aliqua
539 408 619 459 suae
640 408 988 478 proportionata
1011 409 1318 476 magnitudini
1337 409 1713 456 concluderentur
1727 445 1739 466 ‚
1758 428 1860 458 omn

183 481 317 530 nibus
337 479 513 549 angulis
534 476 684 528 solidis
705 474 978 545 superficiem
997 478 1087 523 eius
1106 481 1331 525 internam
1361 476 1432 524 seu
1458 490 1705 525 concauam
1728 477 1862 526 vnde⁹

185 566 367 619 quaque
389 550 723 618 contingerent.

254 618 498 687 Regularia
516 613 768 682 composita
783 632 999 665 vocamus
1018 632 1065 662 ea
1079 652 1090 672 ‚
1111 631 1209 683 quae
1232 613 1253 662 ὲ
1274 613 1447 663 duobus
1473 614 1745 685 regularibus
1764 612 1862 665 fim—

184 685 372 756 pl'icibus
402 683 528 733 simul
553 685 922 732 concurrentibus
946 688 1010 731 ita
1036 681 1304 743 coalescant,
1325 700 1375 733 vt
1404 683 1708 752 compositum
1729 705 1779 732 ex
1808 690 1859 732 iis

187 774 262 805 tot
285 756 452 804 habeat
469 752 603 802 latera
619 791 632 808 ‚
650 768 721 801 tot
743 750 866 800 bases
890 751 977 801 siue
996 752 1239 819 superficies
1258 753 1447 822 aequales
1472 763 1515 802 δε
1548 750 1730 812 similes,
1746 749 1864 801 simi-

186 827 380 892 literque
408 820 577 889 positas
595 861 608 879 ‚
636 838 752 891 quot
784 822 956 870 habent
989 822 1061 870 illa
1085 820 1177 868 duo
1199 840 1250 867 ex
1273 821 1433 888 quibus
1453 826 1745 888 componitur
1767 843 1776 875 3
1798 826 1862 870 ita

188 911 239 942 vt
267 900 400 940 etiam
426 894 474 937 in
503 892 655 960 aliqua
683 890 852 958 sphaera
876 891 958 938 fibi
984 892 1338 958 proportionata
1366 886 1622 938 conclusum
1645 891 1862 938 omnibus

187 962 364 1032 angulis
394 957 474 1007 suis
499 958 650 1008 solidis
679 977 924 1007 concauam
951 963 1040 1005 eius
1066 955 1345 1025 superficiem
1373 962 1572 1028 attingat
1595 980 1603 1006 :
1631 956 1865 1007 Eiusmodi

189 1032 248 1080 est
276 1030 383 1078 illud
412 1029 542 1098 quod
568 1029 711 1096 figura
740 1032 784 1076 X
801 1030 917 1077 XV.
945 1026 1223 1094 expressimus
1244 1060 1257 1084 ,
1279 1043 1562 1097 vocaturque
1588 1031 1866 1077 Hexoe'to'e'·

190 1102 316 1149 drum
337 1097 464 1167 quod
486 1097 544 1145 ab
572 1095 815 1145 Hexa‘e'dro
838 1093 908 1144 seu
926 1095 1044 1145 cubo
1070 1105 1114 1144 &
1133 1095 1377 1144 Oeto'edro
1405 1100 1695 1163 componitur
1713 1098 1868 1151 3‘vnde

191 1178 235 1218 ὃς
259 1166 327 1215 sex
348 1165 448 1215 cubi
466 1166 687 1233 quadrata
708 1175 752 1214 δε
774 1168 885 1212 osto
905 1164 1139 1213 Tetrae‘dri
1160 1165 1388 1232 triangula
1404 1168 1590 1213 retinet:
1627 1165 1779 1236 anguli
1795 1185 1870 1215 au-

193 1253 283 1284 tem
299 1232 446 1291 solidi,
460 1234 529 1282 seu
539 1252 748 1282 numerus
765 1252 919 1282 eorum
929 1233 1074 1301 potest
1091 1237 1265 1301 reperiri
1277 1233 1627 1283 simuladdendo
1640 1234 1869 1304 Vtriusque

189 1304 318 1353 solidi
337 1307 660 1373 componentis
688 1304 882 1372 angulos
901 1319 1058 1352 omnes
1084 1298 1278 1361 solidos,
1304 1302 1339 1352 si
1366 1319 1519 1351 tamen
1548 1307 1662 1371 prius
1682 1302 1705 1351 a
1723 1305 1872 1372 quoli-

192 1373 267 1422 bet
295 1392 436 1424 vnum
464 1376 670 1420 exemeris
698 1375 740 1420 .i.
772 1371 805 1420 si
833 1372 890 1420 ab
921 1388 1210 1440 vnoquoque
1244 1368 1390 1420 solido
1425 1369 1616 1440 simplici
1652 1373 1871 1442 angulum

191 1461 336 1491 vnum
352 1442 584 1490 abstuleris.
601 1460 644 1489 v.
664 1459 708 1510 g.
730 1439 788 1489 ab
808 1445 920 1490 oCto
941 1439 1044 1489 cubi
1072 1440 1246 1509 angulis
1265 1439 1415 1489 solidis
1442 1458 1554 1488 vnus
1578 1441 1612 1489 fi
1628 1439 1870 1501 auferatur,

191 1509 357 1579 septem
376 1511 629 1568 restabunt,
654 1519 697 1558 δε
723 1511 966 1560 Οᾶὶοὲἀῑο
995 1527 1138 1558 vnum
1165 1507 1198 1555 fi
1225 1510 1452 1557 abstuleris
1472 1547 1484 1568 ,
1515 1513 1718 1579 quinque
1744 1507 1871 1578 super

192 1580 317 1640 sunt,
338 1597 452 1649 quos
473 1580 505 1626 si
525 1577 745 1644 prioribus
766 1576 934 1645 septem
957 1581 1147 1625 iunxeris
1170 1577 1410 1626 duodecim
1432 1578 1742 1626 Hexo&aedri
1766 1577 1874 1629 soli*

193 1650 275 1696 dos
296 1647 491 1716 angulos
517 1644 649 1695 simul
669 1647 959 1694 constituent.
1860 1639 1877 1650 Α

267 1717 474 1765 Similiter
497 1724 541 1765 &
563 1715 1011 1763 Icosidodecaedrum
1032 1711 1056 1762 a
1076 1714 1376 1764 DodecaEdro
1408 1729 1671 1784 pentagona
1699 1719 1876 1766 duodess

195 1789 300 1845 cim,
320 1785 377 1833 ab
406 1781 643 1833 Icosae'dro
672 1787 837 1854 viginti
867 1784 1092 1832 trianoula
1122 1801 1381 1840 mutuatur,
1403 1795 1447 1833 ὃς·
1476 1783 1534 1830 ab
1558 1787 1687 1833 vnius
1710 1790 1877 1857 viginti

194 1857 369 1924 angulis
389 1851 562 1913 solidis,
578 1853 911 1921 duodecimque
931 1828 1293 1911 altberiusstblatis
1314 1853 1512 1912 duobus,
1526 1852 1681 1902 decem
1706 1860 1874 1906 &otsto

179 1924 276 1982 aiibi
291 1926 467 1972 retinet.

263 1994 335 2041 Est
357 2002 402 2042 &
420 1992 541 2040 aliud
564 1985 814 2041 solidorum
830 1989 1101 2062 regularium
1122 1993 1480 2061 compositorum
1500 2004 1662 2062 genus,
1676 2010 1776 2063 quae
1794 1988 1876 2043 etsi

196 2063 371 2129 praecise
400 2062 595 2109 duorum
618 2062 887 2132 regularium
914 2061 1184 2129 simplicium
1216 2063 1351 2109 latera
1381 2071 1424 2111 δε
1454 2060 1577 2110 bases
1611 2081 1709 2111 non
1747 2061 1879 2111 obti-

195 2147 359 2189 neant,
382 2129 456 2178 sua
481 2147 635 2178 tamen
663 2132 801 2179 latera
825 2133 981 2181 omnia
1008 2135 1122 2179 inter
1147 2128 1187 2178 se
1216 2130 1404 2199 aequalia
1433 2140 1476 2179 &
1504 2132 1690 2201 :equales
1709 2131 1878 2178 solidos

197 2199 391 2267 angulos
409 2217 568 2247 omnes
589 2199 760 2248 habent
779 2220 788 2253 ς
810 2200 932 2248 vnde
954 2209 999 2248 &
1020 2197 1115 2267 ipsa
1146 2199 1179 2247 si
1204 2200 1359 2267 aliqua
1387 2197 1555 2267 sphaera
1585 2199 1666 2251 suae
1694 2203 1880 2269 quanti*

198 2271 281 2314 tati
299 2268 646 2334 proportionata
667 2269 1041 2316 concluderentur
1059 2266 1131 2316 seu
1150 2267 1519 2329 inscriberentur,
1536 2271 1756 2338 praedietis
1775 2287 1880 2316 om—

196 2334 331 2383 nibus
352 2335 436 2383 suis
454 2336 631 2405 angulis
648 2332 798 2384 solidis
813 2339 1075 2385 interiorem
1095 2334 1226 2405 ipsius
1243 2334 1315 2384 seu
1337 2354 1584 2386 concauam
1602 2338 1880 2397 superficiem

198 2407 475 2473 attingerent
496 2426 506 2458 3
528 2405 719 2454 Possunt
739 2421 891 2454 autem
918 2403 1062 2453 solida
1078 2406 1170 2454 haec
1188 2409 1345 2453 omnia
1367 2403 1597 2476 Vtriusque
1615 2399 1788 2476 generis
1805 2424 1876 2453 re-

198 2473 369 2541 gularia
390 2473 641 2542 composita
660 2513 673 2534 ,
700 2477 824 2522 resto
845 2478 1034 2522 nomine
1051 2491 1254 2524 truncata
1272 2471 1345 2522 seu
1372 2474 1697 2537 transformata
1724 2473 1880 2543 apPel-

198 2543 277 2590 lari
291 2542 347 2600 ,si
358 2545 542 2611 quidem
556 2541 581 2590 a
601 2544 881 2614 regularibus
898 2543 1169 2611 simplicibus
1189 2546 1412 2612 quinque,
1427 2560 1622 2613 quorum
1646 2545 1881 2613 diagram-

199 2627 321 2659 mata
348 2608 449 2659 sunt
469 2610 494 2660 a
519 2611 655 2659 nobis
670 2613 869 2681 superius
885 2612 1352 2681 exhibita,originem
1371 2612 1544 2660 ducunt
1569 2635 1579 2668 ·,
1599 2613 1764 2660 horum
1792 2610 1878 2659 sci*

201 2680 305 2727 licet
331 2679 521 2729 abscissis
545 2682 720 2750 angulis
748 2679 899 2731 solidis
916 2721 930 2743 ,
953 2681 1131 2732 illorum
1162 2681 1253 2730 aliis
1284 2679 1550 2742 substitutis,
1570 2698 1621 2732 vt
1639 2680 1786 2748 aperte
1806 2696 1880 2728 co-

203 2746 360 2815 gnosci
385 2749 532 2816 potest
550 2768 601 2796 ex
620 2750 943 2820 diagrammate
964 2756 1005 2800 X
1021 2754 1136 2801 XV.
1164 2750 1243 2799 vbi
1261 2748 1633 2799 Hexocsta'edrum
1653 2751 1780 2796 lineis
1803 2750 1879 2797 de-

202 2817 414 2884 scriptum
432 2819 752 2885 apparentibus
769 2817 1047 2868 manifestam
1067 2820 1206 2869 trahit
1228 2822 1454 2887 originem
1471 2819 1496 2868 a
1517 2820 1631 2869 cubo
1653 2821 1879 2885 puntstua-

204 2888 260 2933 tis
279 2901 455 2934 tantum
478 2887 605 2935 lineis
620 2888 891 2936 adumbrato
910 2891 948 2937 A
964 2891 994 2935 B
1007 2896 1047 2939 C
1059 2895 1101 2938 D
1114 2893 1148 2936 E
1165 2894 1193 2936 F
1209 2893 1247 2937 G
1263 2891 1305 2935 Η
1319 2922 1332 2945 ,
1348 2887 1456 2934 dum
1484 2888 1642 2937 scilicet
1667 2886 1877 2935 bifariam

204 2952 352 3002 diuisis
377 2954 585 3004 lateribus
614 2956 745 3004 huius
777 2953 963 3026 singulis
981 2994 994 3015 ‚
1019 2957 1166 3006 ductis
1198 2956 1253 3004 ab
1283 2973 1573 3028 vnoquoque
1605 2954 1877 3005 diuisionum

205 3025 381 3092 punsto
414 3025 472 3072 ad
501 3030 839 3076 conterminum
865 3023 949 3074 sibi
976 3029 1104 3074 restis
1129 3026 1257 3074 lineis
1277 3062 1289 3082 ,
1320 3040 1370 3073 vt
1388 3046 1480 3085 mn,
1502 3032 1573 3084 ni,
1595 3032 1675 3082 im,
1696 3021 1876 3071 abscina

207 3094 327 3140 ditur
359 3092 528 3142 solidus
558 3092 662 3141 cubi
686 3096 873 3164 angulus
900 3098 936 3144 A
957 3134 970 3153 ‚
999 3105 1043 3144 ὃς
1073 3095 1319 3151 linearum,
1353 3110 1450 3161 quae
1475 3094 1639 3144 solidos
1681 3091 1874 3160 angulos

209 3165 237 3208 F
252 3166 292 3209 G
307 3164 336 3208 B
358 3161 637 3221 rescindunt,
653 3161 894 3221 concursu,
913 3163 982 3226 alij
1007 3164 1139 3212 solidi
1154 3163 1309 3232 anguli
1329 3163 1579 3214 efficiuntur
1593 3199 1607 3220 ,
1628 3163 1683 3211 ad
1702 3162 1877 3229 Ριιιυῗΐῑιλ

207 3234 320 3289 mni,
342 3245 432 3289 &a
462 3247 512 3281 vt
532 3229 634 3278 satis
656 3247 783 3298 patet
802 3251 852 3280 ex
869 3232 1215 3301 diagrammate.

1635 3301 1691 3349 M
