2498 3898
734 234 1336 294 CATHOLICVM,
1824 233 1883 297 1'93

194 298 290 355 vsus
303 306 552 356 destinatos
573 323 857 372 componere
879 330 889 362 3
924 307 1051 352 cuius
1072 309 1228 351 omnia
1253 313 1295 352 &
1322 300 1498 370 singula
1519 301 1729 352 membra
1756 322 1803 353 vt
1832 311 1887 352 vi-

191 376 300 425 di&
319 374 440 424 bene
460 371 557 422 sum
575 373 840 433 arbitratus,
860 371 993 420 simul
1019 377 1081 419 ita
1109 377 1328 440 compegi
1357 382 1399 420 ἃ
1437 376 1483 418 ’111
1509 371 1645 420 assere
1675 372 1812 438 plano
1840 385 1884 423 δε

189 443 365 493 munde
389 442 547 491 dolato
581 448 643 491 ita
672 439 942 510 composui,
976 459 1023 490 Vt
1054 460 1106 488 ex
1146 438 1389 508 propositis
1419 439 1613 489 obieffls
1636 479 1647 500 ,
1679 440 1883 509 datoque

190 517 366 582 puncto
386 511 583 574 oculari,
604 510 853 560 sectionem
881 516 1044 579 opticae
1072 509 1316 577 pyramidis
1339 509 1599 557 luculentur
1626 508 1879 572 exhiberet,

189 591 236 631 &
254 578 619 651 scenographicae
638 580 957 628 delineationis
980 583 1153 646 praxim
1183 597 1234 625 ex
1264 596 1357 625 arte
1401 579 1623 646 praestaret
1643 606 1653 637 3
1676 575 1796 627 vnde
1822 597 1882 627 nc

188 650 409 700 'Vtilitates
429 661 472 699 ὃς
491 649 741 698 commoda
766 665 866 716 quae
887 647 1018 695 huius
1039 652 1143 695 artis
1176 645 1458 695 amatoribus
1496 652 1740 716 prouenire
1770 649 1878 698 inde

195 720 403 789 possunt,
422 720 628 767 inuidere
648 715 734 766 tibi
759 716 876 765 velle
906 717 1164 764 videremur
1184 758 1196 777 ‚
1223 716 1459 765 statuimus
1488 714 1689 764 eiusdem
1716 719 1877 766 instru-

192 794 341 838 menti
361 787 744 848 declarationem,
763 787 1155 834 constructionem
1174 796 1217 834 δε
1235 782 1361 832 Vsum
1391 790 1545 853 paucis
1572 795 1614 833 ὃς
1645 804 1697 832 ex
1720 788 1876 836 nostro

140 884 143 886 ·
190 854 318 906 sensu
367 875 595 926 roponere
614 879 624 905 :
647 874 932 925 quapropter
949 861 1087 904 etiam
1102 853 1299 924 singulas
1319 853 1437 902 illius
1458 872 1628 922 partes,
1649 872 1785 922 prout
1801 876 1879 905 no-

191 926 264 976 bis
281 875 423 975 visiun
444 927 530 988 est,
552 925 907 996 appellauimus,
933 923 1095 972 habito
1113 941 1269 972 tamen
1288 920 1464 991 semper
1479 923 1641 971 ordine
1671 934 1715 972 &
1738 925 1875 995 respe-

192 1001 270 1045 dtu
288 997 346 1045 ad
365 1016 418 1045 ea
440 1014 540 1065 quae
561 996 768 1065 praestant
788 993 938 1043 officia
972 998 1020 1040 in
1057 990 1443 1042 delineationibus
1482 991 1872 1063 scenographicis,

191 1084 240 1114 vt
261 1062 396 1114 facile
419 1072 587 1133 poterit
605 1061 792 1134 agnosci
809 1082 860 1111 ex
877 1068 927 1110 iis
947 1081 1047 1131 quae
1070 1063 1126 1111 de
1144 1060 1487 1131 Scenographia
1518 1062 1709 1111 diximus
1735 1069 1866 1115 initio

192 1140 355 1204 prioris
375 1133 479 1183 libri
495 1134 627 1184 huius
645 1139 795 1202 operis
817 1159 828 1192 ·,
851 1130 930 1180 vbi
949 1129 1242 1199 Perspedhuae
1261 1136 1466 1200 pradiicae
1489 1136 1712 1202 principia
1742 1136 1875 1204 expli-

190 1209 383 1254 cuimus.
1071 1267 1079 1270 ν

263 1279 438 1323 Verum
455 1288 708 1343 antequam
726 1294 824 1324 rem
845 1272 986 1344 ipsam
1002 1272 1263 1346 aggrediar,
1284 1293 1432 1343 operae
1474 1281 1673 1345 pretium
1705 1293 1781 1325 me
1814 1274 1875 1325 fa⁴¹

192 1348 375 1393 <Sturum
391 1344 478 1393 effe
496 1342 714 1407 arbitror,
735 1343 767 1393 fi
789 1363 833 1393 te
852 1346 909 1394 de
927 1351 1077 1415 primo
1099 1344 1234 1414 ipfius
1257 1346 1547 1393 instrumenti
1562 1344 1756 1394 authore
1775 1364 1872 1395 cer-

193 1418 362 1463 tiorem
382 1414 580 1464 effecero
605 1434 615 1461 :
637 1418 693 1463 Et
711 1415 904 1484 quidem
924 1420 1097 1484 primus
1122 1420 1356 1475 omnium,
1377 1414 1508 1483 quod
1528 1411 1685 1474 sciam,
1711 1413 1874 1463 Alber-

195 1501 267 1532 tus
292 1489 498 1534 Durerus
531 1487 788 1532 Germanus
809 1527 822 1546 ‚
852 1483 1140 1552 perspetstiuae
1173 1488 1346 1553 praxim'
1374 1483 1595 1553 organice
1625 1484 1818 1533 instituit
1836 1490 1876 1533 .i.

190 1554 497 1602 instrumento
522 1550 735 1601 adhibito
753 1551 828 1602 seu
847 1551 1085 1601 fenestella
1103 1571 1203 1621 qua>
1224 1551 1475 1600 sestionem
1494 1558 1657 1620 opticae
1675 1559 1874 1621 pyrami--

193 1623 262 1671 dis
288 1628 583 1691 exprimeret,
604 1632 647 1670 &
672 1640 724 1669 ex
750 1640 846 1671 arte
874 1620 1237 1689 proied'tionibus
1261 1619 1630 1689 scenographicis
1666 1623 1874 1691 regulam

193 1692 323 1740 daret
343 1719 354 1751 3
375 1692 509 1741 huius
523 1689 770 1739 fenestellae
786 1691 1181 1740 construdtionem
1199 1701 1242 1739 &
1260 1689 1385 1739 Vsum
1408 1689 1549 1739 habes
1576 1692 1698 1759 apud
1726 1690 1874 1760 ipsum

189 1760 440 1813 Albertum
459 1767 694 1811 Durerum
712 1764 986 1809 Geometriae
1002 1757 1084 1808 suae
1101 1758 1221 1808 libro
1246 1764 1380 1808 tertio
1398 1777 1476 1807 aut
1502 1778 1668 1828 quarto
1697 1759 1731 1809 si
1759 1759 1880 1811 bene

190 1835 414 1891 memini3
440 1836 556 1901 quin
576 1839 619 1879 &
641 1829 697 1877 de
722 1829 886 1878 eadem
905 1826 1115 1897 scripsere
1142 1827 1312 1877 Daniel
1345 1826 1566 1878 Barbarus
1598 1833 1646 1877 in
1676 1826 1749 1878 sua
1775 1837 1882 1881 Per-

192 1899 395 1971 spectiua
421 1905 641 1969 practica,
662 1908 706 1948 δε
729 1901 935 1969 Ignatius
962 1903 1108 1947 Danti
1136 1898 1194 1946 ad
1226 1896 1481 1966 capitulum
1509 1902 1695 1947 tertium
1724 1906 1880 1967 primae

191 1969 359 2036 regulae
379 1967 672 2038 Perspeftiuae
692 1966 853 2017 Iacobi
873 1973 1074 2029 Barocii,
1097 1965 1176 2015 vbi
1198 1972 1336 2016 etiam
1353 1967 1501 2016 multa
1524 1967 1610 2016 alia
1638 1967 1814 2036 profert
1837 1983 1882 2022 &

191 2028 388 2099 diuersa,
412 2036 674 2087 huiusmodi
695 2038 1016 2099 instrumenta,
1037 2057 1138 2108 quae
1156 2041 1314 2085 omnia
1346 2056 1399 2085 ex
1425 2037 1587 2085 eade-m
1615 2043 1785 2087 Dureri
1812 2036 1883 2090 fe-

191 2107 383 2157 nestella
406 2125 549 2176 tanqu
559 2126 630 2155 am
651 2106 674 2154 ἐ
702 2103 1031 2156 faecundiffima
1058 2112 1239 2177 origine
1270 2107 1505 2176 prodiere3
1536 2111 1599 2155 ita
1615 2126 1663 2156 vt
1681 2109 1806 2157 idem
1824 2108 1878 2159 fit

193 2184 408 2227 omnium
436 2174 796 2225 fundamentum
815 2219 828 2238 ‚
858 2196 1029 2246 nempe
1059 2174 1196 2226 secitio
1224 2178 1471 2245 pyramidis
1501 2182 1692 2246 opticae‚
1712 2178 1884 2228 caedem

193 2249 610 2296 demonstrationes
622 2288 633 2308 ,
652 2244 728 2294 sed
747 2244 844 2295 vsus
867 2245 1088 2307 diuersus,
1108 2264 1245 2314 prout
1265 2245 1517 2295 artificibus
1538 2247 1703 2296 modus
1716 2247 1882 2317 aliqui-s

120 2350 123 2354 -
190 2318 283 2365 alio
303 2322 449 2386 magis
471 2314 643 2384 placuit
668 2333 746 2363 aut
764 2334 952 2384 propter
968 2314 1194 2386 singulare
1222 2317 1528 2365 commodum
1557 2316 1629 2365 vel
1658 2323 1883 2368 maiorem

190 2382 462 2435 facilitatem
483 2382 565 2453 ipsi
585 2381 892 2454 praeferendus
915 2383 1029 2433 visus
1050 2387 1125 2434 est.
1163 2387 1280 2447 Q‘e
1297 2404 1382 2434 nos
1413 2391 1571 2434 omnia
1601 2405 1727 2435 nunc
1757 2388 1885 2437 missa

191 2452 387 2504 facimus
408 2474 455 2505 vt
472 2453 564 2503 hoc
585 2473 764 2502 nouum
782 2474 835 2502 ex
853 2455 1023 2504 eodem
1041 2451 1197 2516 fonte,
1219 2452 1295 2503 sed
1313 2453 1529 2525 singulari
1547 2454 1774 2504 methodo
1798 2454 1884 2504 dis-

192 2522 420 2594 positum,
443 2535 486 2574 &
510 2523 569 2572 ad
601 2528 745 2592 praxis
775 2521 1046 2574 facilitatem
1074 2543 1397 2593 comparatum
1427 2543 1737 2592 exponamus,
1755 2531 1883 2576 cuius

191 2594 360 2644 author
375 2591 502 2643 fuisse
520 2589 664 2642 fertur
692 2594 957 2643 Ludouicus
986 2594 1179 2664 Cigolus
1205 2593 1376 2642 nobilis
1405 2597 1555 2663 Ρίἆὶοι·
1583 2593 1886 2656 Florentinus,

189 2668 312 2712 inter
330 2663 521 2712 illustres
544 2667 681 2710 aetatis
704 2660 786 2712 suae
808 2662 1004 2713 artifices
1023 2682 1121 2712 non
1142 2664 1397 2733 postremus
1410 2681 1482 2725 ‚vt
1502 2662 1601 2713 satis
1621 2664 1807 2733 egregie?
1819 2682 1886 2712 te-

191 2733 334 2781 statur
360 2729 694 2802 elegantissima
711 2731 786 2780 illa
812 2731 971 2781 tabula
999 2752 1141 2803 quam
1168 2739 1331 2783 Romae
1365 2738 1413 2780 in
1444 2733 1638 2802 augusto
1676 2738 1736 2781 D.
1766 2738 1886 2783 Petri

194 2800 374 2870 templo
411 2806 530 2849 inter
566 2797 761 2869 insignia
795 2800 1206 2851 celeberrimorum
1237 2807 1469 2870 pidiorum
1499 2820 1639 2870 opera
1667 2799 1884 2870 exposuit:

193 2872 326 2940 quod
343 2889 391 2920 vt
415 2869 667 2939 aliquando
687 2888 763 2918 me
783 2867 941 2918 rescire
962 2876 1184 2940 contigit,
1201 2871 1446 2919 authorem
1467 2889 1637 2938 nempe
1658 2870 1790 2920 huius
1812 2891 1885 2919 ora

193 2945 304 3010 gani
321 2940 407 2989 esse
437 2938 704 3008 praedid'tum
727 2940 1022 2989 Ludouicum
1053 2940 1275 3009 Cigolum
1293 2982 1306 3002 ‚
1333 2940 1441 2988 inde
1467 2939 1591 2988 certe
1623 2935 1798 2989 faustum
1824 2942 1889 2989 est

190 3027 241 3057 vt
257 3010 546 3058 aduerterem
569 3026 666 3056 non
686 3008 772 3057 esse
792 3006 970 3078 prorsus
990 3010 1174 3070 inutile,
1195 3009 1292 3058 imo
1316 3029 1403 3058 nec
1431 3006 1525 3057 sine
1548 3015 1729 3077 propria
1751 3007 1888 3079 signi-

194 3077 438 3139 ficatione,
466 3077 597 3147 quod
618 3082 666 3125 in
687 3078 806 3127 Tab.
832 3092 887 3140 36.
912 3077 991 3127 vbi
1009 3077 1209 3149 singulas
1230 3078 1433 3128 eiusdem
1465 3078 1755 3126 instrumenti
1788 3097 1887 3146 par-

194 3166 263 3196 tes
294 3147 651 3207 delineauimus‚
673 3152 875 3195 cernitur
897 3148 1151 3216 expreffum
1180 3158 1225 3198 &
1256 3148 1397 3197 veluti
1429 3143 1600 3209 ηιῧὲεργν
1629 3145 1893 3214 appositum

194 3224 242 3266 in
263 3235 469 3266 extremo
490 3215 674 3285 virgulae
693 3219 735 3265 A
749 3222 805 3277 B,
822 3221 1041 3265 nimirum
1059 3222 1106 3265 in
1128 3221 1169 3266 A
1183 3235 1225 3278 c,
1247 3217 1636 3286 quandoquidem
1655 3234 1892 3284 praeterea-

196 3288 327 3356 quod
359 3283 725 3354 scenographicae
764 3285 1084 3335 delineationis
1114 3284 1266 3335 vsibus
1298 3288 1346 3335 id
1377 3285 1600 3335 deseruire
1631 3283 1810 3353 patebit
1838 3304 1891 3333 ex

196 3354 495 3425 {equentibus
518 3381 528 3414 3
553 3351 803 3424 singulares
825 3358 967 3405 etiam
987 3373 1124 3406 notas
1160 3361 1374 3407 continet
1392 3396 1406 3418 ,
1433 3351 1618 3407 insertas
1645 3372 1816 3425 nempe
1848 3364 1892 3404 δε

1648 3429 1683 3479 Β
1698 3421 1727 3472 b
