2498 3898
650 235 1408 286 LIBERSECVNDVS.
1801 250 1861 287 161

177 307 307 367 duci,
327 315 371 355 δε
391 304 612 374 quadrata
628 309 808 353 minora
824 305 1054 353 efformari
1071 321 1171 371 quae
1190 322 1298 352 cum
1317 303 1461 351 ductis
1482 307 1601 370 prius
1630 308 1676 350 in
1707 305 1851 375 longi-

177 375 386 424 tudinem
395 373 539 434 lineis,
552 391 752 442 quatuor
798 372 1010 440 yramidis
1022 371 1212 440 planam
1224 371 1376 440 plures
1385 370 1558 419 areolas
1570 371 1855 434 distribuant,

175 443 447 511 recipiendis
470 447 770 511 proportiona
789 448 896 503 iter,
918 460 966 491 vt
984 437 1135 509 saepius
1154 440 1370 501 diximus,
1388 445 1599 510 imaginis
1623 440 1736 489 datae
1755 460 1856 509 par-

177 510 300 561 tibus
318 516 655 560 conuenienter
674 509 919 579 dispositas.

251 580 396 629 Simili
416 585 598 649 penitus
621 584 797 628 ratione
823 579 1067 647 procedes,
1093 597 1202 627 cum
1228 576 1314 625 tibi
1338 590 1468 626 mens
1497 577 1634 629 fuerit
1658 579 1781 628 idem
1810 585 1857 628 in

176 648 404 698 inclinatis
421 645 734 717 cuiuscunque
751 649 995 716 pyramidis
1015 647 1158 716 planis
1177 644 1395 714 perficere
1416 675 1427 707 3
1452 649 1510 697 ad
1540 650 1669 718 quod
1697 647 1752 698 sit
1772 648 1860 698 tibi

177 737 260 787 pro
272 725 439 767 caeteris
455 722 503 764 in
521 716 783 786 exemplum
794 722 989 785 pyramis
1010 724 1278 785 pentagona
1295 734 1347 763 ex
1359 716 1700 787 diagrammatis
1715 723 1854 779 LVII,

177 798 222 837 δε
239 791 409 836 LVIII
428 813 439 846 3
460 783 604 835 habes
623 791 749 835 enim
773 791 923 854 primo
950 792 999 835 in
1023 784 1253 835 schemate
1276 787 1446 845 LVII,
1468 806 1788 855 pentagonum
1812 792 1855 838 A

174 861 208 903 B
222 861 316 904 CD
329 860 364 903 E
386 855 631 925 pyramidis
650 852 795 904 basim
810 854 1151 924 repraesentans,
1170 859 1219 901 in
1236 852 1385 921 plures
1406 855 1578 903 areolas
1597 865 1678 923 per
1704 857 1853 906 radios

175 924 234 972 ad
262 942 475 973 centrum
502 932 857 986 concurrentes,
883 936 929 975 δε
958 931 1137 974 minora
1165 932 1432 991 pentagona
1454 922 1537 992 ipsi
1576 923 1788 991 parallela
1813 936 1858 976 ὃς

175 1000 472 1044 concentrica
490 992 684 1044 diuisum
702 1004 745 1044 &
765 992 1086 1043 distribuendis
1105 995 1316 1066 imaginis
1337 990 1450 1039 datae
1468 991 1671 1061 partibus
1691 1013 1857 1043 conue-

175 1065 357 1111 nienter
377 1060 667 1131 dispositum,
688 1069 737 1111 in
756 1081 852 1131 quo
871 1064 983 1112 radii
1002 1062 1061 1112 ab
1081 1064 1261 1130 angulis
1288 1059 1347 1108 ad
1376 1079 1588 1110 centrum
1620 1064 1773 1112 educti
1797 1084 1860 1112 re-

179 1129 448 1198 praesentant
467 1132 606 1180 latera
626 1133 874 1199 pyramidis
894 1175 907 1194 ,
923 1134 982 1182 ad
997 1137 1219 1181 verticem
1238 1134 1587 1191 conuenientia,
1601 1130 1729 1180 lineae
1747 1144 1856 1182 vero

175 1204 205 1246 F
220 1204 341 1260 I‚GI
358 1242 371 1262 ,
394 1198 620 1249 &ssmiles
641 1199 666 1249 a
686 1201 843 1248 medio
875 1201 1068 1249 laterum
1093 1202 1349 1269 pentagoni
1377 1198 1435 1245 ad
1468 1197 1604 1268 ipsius
1646 1220 1860 1252 centrum

177 1286 496 1335 procurrentes
523 1274 784 1337 exprimunt
800 1269 940 1319 lineas
959 1275 1007 1318 in
1026 1270 1173 1338 planis
1190 1266 1418 1315 inclinatis
1447 1270 1692 1336 pyramidis
1720 1268 1860 1319 ame-

175 1336 254 1384 dio
274 1337 468 1387 laterum
485 1337 601 1387 basis
622 1336 756 1407 ipsius
772 1337 831 1386 ad
847 1344 1065 1389 'verticem
1084 1335 1456 1394 deduetaswnde
1472 1336 1531 1386 ab
1549 1338 1721 1387 oculari
1741 1349 1860 1407 pun->2

175 1408 253 1453 eto
273 1413 341 1461 R,
360 1413 406 1455 in
427 1404 657 1457 schemate
675 1405 868 1468 LVIII,
889 1408 1030 1457 ducto
1054 1403 1180 1457 radio
1203 1403 1354 1458 Rmh‚
1375 1406 1648 1456 excitabitur
1663 1427 1861 1477 perpen-

176 1472 385 1525 dicularis
404 1475 645 1525 indefinita
664 1497 716 1526 ex
735 1496 828 1546 qua
854 1475 1145 1526 abscindetur
1164 1473 1188 1521 h
1202 1473 1225 1520 b
1244 1473 1426 1543 aequalis
1446 1481 1504 1524 ΡΙ
1521 1518 1534 1538 ,
1565 1475 1860 1546 sumeturque

175 1562 229 1588 ²²0
244 1575 259 1598 s
278 1564 378 1614 quae
397 1547 461 1594 est
483 1545 731 1615 longitudo
756 1544 925 1595 lineaea
955 1546 1111 1594 medio
1141 1545 1299 1594 lateris·
1315 1548 1445 1592 vnius
1473 1543 1587 1595 basis
1617 1546 1863 1615 pyramidis

177 1614 237 1663 ad
257 1620 478 1664 'verticem
496 1614 664 1675 ductae,
679 1626 723 1665 &
739 1614 764 1664 a
781 1612 1013 1683 punctob,
1026 1613 1086 1664 sic
1105 1612 1338 1683 aptabitur
1354 1629 1401 1660 vt
1421 1611 1666 1664 subtendat
1683 1620 1864 1680 redium

175 1683 399 1752 angulum
415 1680 544 1740 bhm,
562 1694 606 1733 &
625 1683 787 1734 ductos
807 1685 956 1733 radios
987 1684 1196 1733 occultos
1217 1689 1258 1732 R
1273 1680 1306 1736 l,
1327 1688 1371 1731 R
1382 1683 1429 1743 f,
1457 1682 1729 1734 intersecans
1762 1681 1866 1734 loca

177 1750 387 1824 designet
408 1772 490 1822 per
504 1770 605 1821 quae
627 1751 802 1802 debent
819 1758 868 1801 in
884 1754 1141 1822 pyramide,
1160 1752 1286 1800 lineae
1305 1746 1421 1799 basis
1441 1751 1657 1802 lateribus
1676 1754 1865 1822 aequidi-

175 1822 650 1873 stantescircumduci
668 1834 780 1873 &ex
802 1828 853 1871 iis
886 1841 1154 1892 pentagona
1181 1820 1410 1869 efformari
1436 1839 1536 1889 quae
1564 1821 1700 1891 ipsius
1730 1823 1868 1893 plana

179 1895 228 1938 in
249 1891 526 1962 homologas
553 1897 810 1962 pentagoni
829 1895 916 1941 AB
932 1897 1070 1942 CDE
1097 1888 1245 1960 spatiis
1274 1889 1446 1938 areolas
1476 1891 1750 1941 distribuant
1759 1926 1773 1953 ,-
1792 1910 1863 1941 re-

180 1958 494 2030 ducendisque
515 1981 566 2010 ex
586 1967 888 2031 proportione
906 1960 1079 2010 obieffl
1104 1965 1342 2029 prototypi
1371 1959 1662 2009 lineamentis
1691 1980 1863 2010 conue-

179 2034 361 2078 nienter
390 2028 644 2099 disponann
685 2033 902 2097 Qrum
930 2035 1144 2079 omnium
1172 2027 1502 2077 demonstratio
1532 2026 1631 2078 satis
1657 2047 1782 2098 patet
1809 2042 1863 2080 ex

180 2095 510 2167 superioribus,
530 2096 564 2148 si
582 2099 775 2166 quidem
807 2104 854 2147 in
883 2098 976 2168 ipsa
1001 2099 1369 2157 constructione,
1390 2115 1480 2165 que
1508 2117 1587 2166 per
1616 2097 1866 2149 sectionem

180 2172 335 2235 optice
356 2169 599 2238 pyramidis
620 2169 854 2239 procedit,
877 2168 996 2218 bene
1022 2169 1273 2217 aduertitur
1306 2167 1431 2214 idem
1458 2166 1695 2217 obiectum
1723 2167 1863 2217 debe-

179 2254 228 2283 re
248 2234 423 2307 semper
442 2238 580 2287 oculo
600 2237 805 2287 exhiberi
823 2271 835 2298 ⁵
856 2249 901 2288 δε
931 2238 1142 2286 eamdem
1205 2241 1352 2283 enitus
1381 2233 1604 2285 visionem
1628 2236 1751 2297 fieri,
1770 2235 1864 2285 fiue

181 2302 413 2356 schemata
426 2311 542 2368 LII,
561 2311 596 2357 L
610 2313 676 2368 V,
700 2316 743 2356 ὃς
758 2311 794 2354 L
806 2312 902 2355 VII
923 2317 966 2357 δε
984 2315 1031 2354 in
1050 2311 1100 2354 iis
1129 2256 1358 2364 deglineate
1379 2302 1537 2372 figurae
1554 2306 1696 2354 oculis
1720 2325 1861 2374 expo-

182 2392 375 2435 nantur,
394 2372 488 2424 siue
507 2374 791 2425 schematum
815 2379 961 2436 LIII,
982 2381 1127 2428 LIV,
1142 2378 1283 2434 LVI,
1301 2377 1504 2434 LVIII,
1527 2381 1707 2425 coni&
1735 2394 1865 2442 pyra-

181 2443 332 2492 mides
349 2487 363 2506 ,
390 2442 466 2493 seu
497 2443 651 2513 figurae
677 2450 725 2493 in
751 2444 836 2493 illis
870 2442 1119 2514 respectiue
1136 2486 1148 2505 ,
1182 2442 1588 2512 proportionaliter
1620 2454 1665 2493 ὃς
1691 2463 1744 2492 ex
1767 2461 1862 2491 arte

184 2512 466 2563 adumbratae
490 2510 837 2574 substituantur,
864 2533 972 2562 cum
996 2512 1245 2581 vtrobique
1271 2508 1545 2578 respectiue,
1564 2515 1862 2581 quantumuis

185 2600 266 2649 per
289 2582 550 2632 differentes
577 2580 798 2634 sectiones
825 2588 1094 2632 immutetur
1123 2579 1239 2631 basis
1255 2584 1418 2648 opticae
1447 2582 1719 2648 pyramidis,
1738 2581 1864 2629 idem

186 2664 344 2699 tamen
367 2650 542 2720 semper
559 2651 677 2701 illius
693 2650 1132 2722 vertexperseueret.

487 2790 1154 2847 COROLLARIVM
1226 2784 1579 2845 PR1M‘VM.

310 2938 353 2982 X
373 2934 459 2984 hac
477 2931 795 3003 propositione
813 2932 911 2982 satis
931 2950 1057 3001 patet
1077 2934 1321 3001 quomodo
1335 2932 1704 3002 poffintetiamin
1715 2929 1861 2980 frustis

311 3021 539 3052 conorum
557 3004 854 3055 &decurtatis
872 3002 1185 3070 pyramidibus
1205 3000 1426 3052 eiusmodi
1445 2999 1783 3070 designationes
1802 3005 1862 3047 in·

189 3073 312 3120 stitui
327 3098 339 3130 ·‚
356 3069 391 3119 si
407 3078 532 3122 enim
551 3074 842 3124 decurtatum
862 3069 1054 3120 haberes
1075 3076 1299 3120 maiorem
1323 3089 1498 3121 conum
1514 3088 1616 3130 arc,-
1636 3070 1861 3137 diagramss

186 3145 321 3189 matis
342 3145 433 3190 LII
446 3146 484 3202 Ι,
502 3147 672 3191 minori
689 3161 812 3192 cono
840 3139 916 3190 seu
940 3143 1198 3208 portionex
1212 3160 1275 3205 ry
1290 3178 1303 3196 ,
1330 3151 1375 3190 ὃς
1400 3137 1697 3188 nihilominus
1723 3136 1872 3185 vellesa

187 3214 237 3257 in
255 3215 468 3260 conicam
485 3211 709 3273 decurtati
726 3208 1036 3280 superficiem,
1053 3227 1202 3277 partes
1223 3214 1435 3280 imaginis
1453 3214 1505 3256 in
1523 3204 1749 3254 schemate
1764 3209 1858 3262 LII,

189 3277 423 3329 delineatae
460 3281 866 3349 proportionaliter
892 3277 1155 3338 traducere,
1178 3278 1341 3328 eadem
1368 3277 1502 3346 plane
1526 3273 1773 3323 methodus
1804 3292 1863 3333 te-

191 3348 344 3398 nenda
365 3350 432 3400 est
450 3391 465 3413 ‚
490 3368 633 3421 quam
659 3347 862 3420 superius
887 3344 1133 3412 adhibuisti
1153 3374 1164 3407 3
1187 3365 1380 3416 excepto
1398 3387 1411 3407 ,
1432 3343 1562 3413 quod
1586 3341 1779 3412 circulus
1796 3338 1865 3413 fa:
