2498 3898
613 249 660 291 32
901 228 1575 277 THAVMATVRGI
1654 227 1977 274 OPTICI

610 315 691 364 pro
713 299 839 345 variis
864 297 1004 364 planis
1022 295 1297 365 regularibus
1320 304 1363 344 δε
1384 292 1699 365 irregularibus
1718 293 1836 342 va'r‘ie
1846 293 2069 340 inclinatis
2082 295 2153 350 ,in
2167 295 2272 361 qui-

612 367 688 413 bus
710 367 938 414 obieetum
962 364 1150 433 aliquod
1169 383 1220 411 ex
1247 368 1420 431 optices
1437 360 1691 431 praescripto
1718 360 2062 410 describendum
2080 365 2159 409 erit
2176 401 2189 420 ,
2214 361 2273 408 fi-

615 453 711 482 mus
735 435 955 491 tradituri,
974 451 1025 481 νε
1047 453 1093 480 ex
1115 437 1164 480 iis
1186 432 1352 482 habeat
1373 431 1590 481 studiosus
1605 431 1751 480 lector
1767 431 1890 478 vnde
1904 429 2147 479 neceffitati
2166 447 2275 497 pro·

614 507 787 561 uideat,
808 503 994 571 quando
1015 520 1096 569 pro
1114 501 1221 550 {itus
1243 511 1288 550 δε
1319 501 1526 550 locorum
1553 499 1817 549 difficultate
1844 516 1997 566 praxes
2027 499 2275 547 ordinarias

613 590 710 619 non
732 574 893 634 poterit
915 569 1141 637 vsurpare‚
1164 580 1207 618 &
1229 571 1454 638 voluptati
1475 575 1612 619 etiam
1631 566 1664 617 si
1684 569 1830 629 volet,
1858 568 2047 637 quando
2071 586 2152 635 pro
2175 569 2275 616 libi·

615 658 665 688 to
686 659 735 687 ex
757 640 842 686 istis
864 639 1027 708 regulis
1037 635 1293 707 ‘specstacula
1312 635 1643 710 scenographiae
1657 657 1753 688 non
1773 638 2012 686 iniucunda
2026 641 2070 684 in
2087 635 2277 684 eiusmo-

615 712 659 756 di
679 709 824 776 planis
849 708 1163 777 irregularibus
1182 724 1395 775 exponet.
2176 697 2195 717 ⁰

682 778 861 826 Deinde
879 795 980 824 cum
998 777 1055 824 ab
1075 776 1287 824 omnibus
1306 778 1483 846 angulis
1507 773 1580 824 seu
1607 779 1813 824 extremis
1840 776 1991 846 figurae
2019 774 2202 825 alicuius
2230 779 2279 824 in

616 846 753 914 plano
777 849 1067 896 Geometrico
1088 846 1346 894 naturaliter
1372 843 1619 914 descriptae,
1639 862 1688 894 vt
1707 849 2037 912 proiectionem
2057 844 2172 893 illius
2186 842 2282 894 sce-

616 915 945 984 nographicam
965 915 1326 974 adiuueniamus‚
1349 915 1485 964 lineas
1507 912 1761 965 vitrei-basi
1787 911 1860 962 seu
1888 914 2153 963 lineae-terrae
2185 933 2283 982 per-

618 985 922 1051 pendiculares
945 984 1179 1041 ducemus,
1197 983 1290 1031 illas
1321 982 1524 1034 absolute
1544 993 1588 1032 &
1607 979 1700 1031 sine
1722 983 1811 1032 alio
1842 984 2064 1032 adiundm
2091 999 2284 1050 perpen-

620 1051 827 1101 diculares
847 1052 1088 1113 dicendas,
1111 1051 1371 1123 semperque
1388 1053 1583 1118 intelligi
1600 1053 1758 1102 debere
1789 1051 2059 1101 lineae-terrae
2090 1060 2286 1118 perpen-

619 1120 826 1170 diculares
841 1160 855 1181 ,
871 1118 955 1170 nisi
976 1121 1103 1171 aliter
1123 1108 1682 1191 specificentuneiul'modi
1701 1119 1868 1170 suntin
1886 1124 2035 1191 primo
2055 1141 2071 1183 3
2093 1119 2285 1168 Tabulae

620 1190 946 1260 diagrammate
962 1192 1088 1240 lineae
1111 1196 1150 1241 A
1165 1195 1226 1247 C,
1245 1194 1274 1239 B
1291 1196 1360 1243 M.

691 1263 835 1311 Lineae
852 1277 1003 1310 autem
1024 1279 1123 1331 quae
1146 1259 1202 1308 ab
1231 1265 1436 1309 extremis
1456 1261 1613 1310 harum
1639 1261 2075 1330 perpendicularium
2102 1258 2287 1309 lineam-

623 1345 743 1377 tetrae
765 1330 1158 1401 contingentibus,
1183 1329 1240 1376 ad
1255 1333 1512 1397 primarium
1542 1334 1766 1398 pun6lmm
1796 1334 2081 1400 pertingent,
2105 1329 2287 1379 radiales

622 1398 727 1467 apte
751 1415 971 1467 poterunt
991 1400 1240 1465 nuncupari
1257 1435 1271 1456 ,
1297 1415 1348 1448 νε
1370 1403 1417 1446 in
1442 1399 1596 1447 eadem
1614 1399 1759 1468 figura
1779 1398 1934 1447 lineaec
1949 1402 2126 1457 E,mE,

693 1469 805 1521 Quae
827 1484 934 1516 vero
960 1464 1196 1515 nascentur
1213 1464 1238 1514 a
1260 1470 1438 1534 punffls
1466 1469 1517 1514 in
1546 1466 1859 1526 linea-terrea,
1879 1471 1926 1516 in
1955 1485 2054 1536 quae
2081 1469 2290 1516 incidunt

621 1554 743 1584 arcus
763 1537 938 1592 circuli,
965 1536 1274 1604 ducenturque
1293 1536 1352 1584 ad
1374 1539 1596 1604 punAEturn
1613 1533 1920 1585 secundarium
1945 1533 2019 1584 seu
2052 1535 2290 1596 distantia,

621 1604 721 1654 illas
745 1605 943 1654 dicemus
961 1603 1260 1660 diametraleS,
1281 1604 1531 1654 cuiusmodi
1552 1600 1654 1652 sunt
1673 1607 1722 1652 in
1750 1605 1967 1672 praedicto
1985 1609 2293 1673 diagramma·-

625 1689 670 1722 te
699 1674 824 1724 lineae
840 1674 869 1722 d
883 1678 931 1733 F,
952 1678 1028 1722 mF
1041 1712 1053 1733 ,
1077 1676 1183 1742 quia
1203 1692 1254 1723 νε
1271 1674 1466 1723 dicemus
1483 1671 1696 1741 postea,a
1712 1673 1931 1722 diametro
1957 1672 2029 1723 seu
2054 1674 2291 1745 diagonali

627 1743 838 1812 quadrati
857 1743 973 1792 linea
996 1746 1223 1812 originem
1244 1742 1445 1793 trahunt.
2269 1772 2276 1781 ·

695 1818 816 1864 Cum
833 1814 1027 1861 dicemus
1049 1810 1258 1860 absolute
1282 1812 1531 1862 ducendam
1562 1811 1645 1862 effe
1659 1812 1824 1862 lineam
1841 1812 2121 1880 parallelam,
2152 1812 2295 1862 intel-

626 1883 706 1951 ligi
725 1880 1208 1948 volumus'parallelam
1226 1881 1496 1930 lineae-terrae
1513 1878 1587 1930 seu
1604 1881 1875 1940 vitrei-basi,
1890 1883 2102 1953 alioquin
2122 1879 2294 1951 expres-

626 1953 671 2000 se
693 1946 1028 2020 designabimus
1046 1953 1116 1999 cui
1135 1949 1263 1998 alteri
1281 1949 1407 1999 lineae
1429 1950 1636 1999 ducenda
1653 1948 1709 1999 sit
1725 1950 1948 2018 parallela.

694 2019 974 2069 Notandum
995 2036 1187 2088 quoque
1201 2019 1287 2078 est,
1303 2037 1404 2067 curn
1423 2023 1726 2087 praecipiemus
1743 2018 1968 2068 occultam
1979 2017 2051 2069 seu
2064 2038 2296 2069 mortuam

630 2090 732 2139 duci
749 2090 938 2146 lineam,
961 2087 1156 2158 intelligi
1177 2086 1357 2136 delinea
1375 2087 1526 2157 aliqua
1539 2126 1552 2147 ,
1564 2106 1662 2157 quae
1680 2087 1812 2137 finita
1827 2092 2096 2155 operatione
2112 2108 2214 2139 non
2224 2088 2298 2137 de-

631 2159 733 2207 beat
752 2158 941 2226 amplius
964 2174 1201 2225 apparere,
1224 2154 1299 2205 sed
1318 2173 1417 2226 quae
1435 2157 1492 2205 ad
1510 2157 1837 2206 inueniendurn
1855 2158 2037 2206 alicuius
2066 2162 2227 2225 puniti
2243 2157 2299 2206 si-

632 2244 725 2275 tum
756 2224 1155 2296 scenographicum
1182 2225 1236 2271 fit
1265 2225 1654 2294 adhibita‚quales
1682 2225 1785 2275 sunt
1807 2245 1858 2274 ex
1891 2241 2015 2293 parte
2041 2227 2227 2275 radiales
2247 2235 2292 2275 &

633 2297 907 2345 diametrales
934 2295 1058 2343 lineae
1076 2333 1089 2350 ,
1114 2290 1369 2363 similesque
1396 2293 1492 2343 aliae
1515 2315 1525 2348 5
1546 2295 1666 2345 vnde
1690 2298 1823 2344 etiam
1854 2294 1906 2342 fit
1929 2310 1977 2343 νε
1994 2297 2043 2342 in
2063 2296 2297 2364 operando

632 2382 730 2412 non
750 2360 985 2433 signentur
1004 2369 1051 2411 in
1073 2380 1191 2412 carta
1199 2379 1481 2422 ‚atramento
1494 2379 1570 2411 aut
1591 2364 1744 2411 colore
1761 2363 1938 2433 aliquo,
1960 2358 2033 2410 sed
2053 2361 2153 2412 solo
2175 2366 2302 2412 circi⁴

632 2436 680 2480 ni
701 2433 885 2499 autstyli
904 2433 1084 2482 alicuius
1105 2435 1249 2500 apice,
1265 2449 1350 2479 nos
1367 2448 1417 2481 νε
1435 2450 1505 2481 eas
1518 2431 1734 2501 &reliquis
1752 2450 1848 2502 quae
1859 2431 1994 2480 finito
2013 2431 2181 2481 debent
2194 2451 2302 2500 ope·

633 2520 678 2548 re
700 2519 927 2551 remanere
953 2499 1125 2550 facilius
1155 2501 1367 2571 distingui
1396 2499 1608 2549 faciamus
1627 2540 1640 2561 ‚
1669 2504 1941 2570 punctuatas
1974 2515 2025 2551 vt
2054 2502 2299 2570 plurimum

634 2570 966 2619 delineabimm.

704 2639 846 2709 Qd
870 2639 1001 2687 restat
1024 2640 1082 2687 de
1110 2635 1359 2710 singulariis
1400 2638 1557 2688 litteris
1587 2638 1658 2688 seu
1683 2639 2002 2690 carracsteribus
2031 2637 2299 2688 abecedariis

634 2714 911 2776 punctorum
934 2717 977 2756 ὃς
1001 2708 1218 2758 linearum
1233 2708 1459 2757 indicibus
1476 2708 1670 2762 §aduerti
1692 2709 1828 2758 debet
1850 2725 1936 2757 nos
1951 2707 2300 2778 icnographiam

635 2778 712 2828 seu
741 2778 944 2845 plantam
968 2774 1212 2847 figurarum
1244 2780 1580 2828 Geometricam
1612 2776 1864 2827 maiusculis
1882 2782 2104 2828 Romanis
2128 2776 2303 2846 [ignare

637 2848 833 2913 semper3
853 2844 1250 2916 scenographicam
1265 2863 1373 2897 vero
1390 2847 1563 2895 illarum
1582 2850 1916 2915 proiee‘tioncm
1934 2845 2186 2894 minoribus
2209 2848 2304 2892 ita-

638 2918 756 2971 licis,
771 2919 832 2963 ita
847 2931 898 2964 vt
917 2918 1085 2984 quaeuis
1104 2919 1151 2964 in
1170 2912 1493 2983 scenographia
1514 2917 1669 2965 Italica
1686 2916 1831 2963 littera
1849 2913 2116 2981 respondeat
2136 2909 2302 2966 maius-

640 2984 742 3035 culae
758 2982 891 3031 simili
912 2984 995 3032 sibi
1014 2988 1064 3032 in
1083 2984 1381 3055 icnographia
1401 3006 1412 3038 3
1431 2980 1488 3032 fic
1507 2988 1555 3032 in
1570 2987 1717 3052 primo
1736 2983 1967 3044 3.Tabulae
1979 2983 2301 3052 diagrammate

641 3056 859 3123 punstum
880 3050 1216 3120 scenographiae
1232 3052 1402 3102 arefert
1423 3052 1731 3122 icnographiae
1747 3055 1972 3119 punctum
1990 3051 2218 3120 signatum
2228 3065 2300 3096 ca·

642 3125 804 3172 rastere
819 3118 1066 3171 maiusculo
1087 3127 1139 3171 A.
1162 3121 1327 3192 quibus
1342 3124 1606 3190 praenotatis
1624 3124 1752 3189 operi
1772 3137 1961 3170 manum
1987 3122 2237 3170 adiicimua

2131 3398 2304 3465 rao-
