2498 3898
699 221 954 269 LIBER
1027 221 1373 272 PRIMVS,
1813 223 1871 286 77

194 289 685 346 determinandam,nec
704 291 850 335 minus
870 289 1077 335 authores
1088 286 1465 355 supranominati,
1477 291 1555 358 qui
1570 290 1750 357 quidem
1763 312 1870 341 om—

192 378 272 409 nes
290 361 525 407 communi
545 353 786 415 consciisU‚
808 376 890 424 pro
921 358 1160 404 altitudine
1185 357 1313 405 huius
1340 356 1475 406 solidi
1495 358 1872 426 perpendiculari-

193 444 259 476 ter
278 432 327 476 in
350 425 554 474 subieeto
575 426 716 494 plano
740 426 973 474 constituti
996 426 1161 472 lineam
1187 426 1413 494 assignant
1442 427 1655 497 aequalem
1675 433 1711 475 C
1728 433 1803 484 M,
1823 432 1869 478 id

194 498 273 556 est,
294 495 633 566 longitudinem
654 496 779 542 lineae
798 494 855 542 ab
874 513 969 543 vno
989 494 1295 563 icnographiae
1324 501 1361 544 A
1376 497 1405 541 Β
1421 501 1479 552 C,
1501 498 1669 566 angulo
1696 497 1751 544 ad
1779 516 1869 565 op·

191 564 391 634 positum
418 564 530 612 latus
554 563 930 631 perpendicularis
950 602 963 619 ,
988 580 1184 632 quorum
1213 560 1314 611 satis
1344 566 1522 614 euidens
1544 576 1587 615 ὃς
1609 562 1868 615 manifestus

191 635 252 683 est
269 652 413 693 error,
426 632 459 681 si
478 633 661 702 quidem
678 633 768 680 hoc
788 632 932 679 modo
954 631 1097 680 solam
1115 632 1301 681 laterum
1320 635 1665 683 inclinationem
1684 634 1741 682 ad
1764 636 1869 683 iub-

189 707 357 754 iecstum
382 703 566 770 planum
593 697 834 769 respiciunt
857 739 870 760 ,
898 701 1012 749 nihil
1039 701 1324 750 aduertentes
1351 702 1404 749 de
1425 702 1526 771 ipsis
1544 704 1686 771 planis
1702 700 1772 752 seu
1790 703 1866 755 su*-

187 771 450 842 perficiebus
469 769 623 827 solidi,
643 788 834 841 quarum
855 774 990 820 etiam
1020 771 1077 818 ad
1104 771 1222 819 idem
1249 769 1435 838 planum
1463 774 1696 820 inclinatio
1724 774 1865 843 negli-

189 843 339 911 genda
359 858 459 889 non
478 841 551 890 est.

267 983 833 1032 PROPOSITIO
890 980 1334 1028 VIGESIMA
1401 979 1777 1044 <QVARTA

186 1118 431 1168 Offae'drum
441 1118 808 1189 perpendiculariter
827 1118 989 1186 infistens
1002 1116 1181 1190 subiecfr'o
1192 1119 1308 1188 plano
1323 1122 1449 1189 super
1463 1134 1537 1167 vno
1553 1120 1715 1191 suorum
1742 1141 1864 1191 angu-

261 1190 383 1237 lorum
404 1189 638 1261 fiilidorum,
661 1196 715 1237 ita
728 1208 775 1238 vt
796 1188 889 1236 illud
904 1195 943 1235 in
969 1188 1046 1254 [blo
1062 1191 1255 1257 contingat
1272 1191 1441 1259 punHo,·
1456 1188 1507 1236 ad
1518 1191 1763 1261 prospeaesbum

499 1261 800 1319 accommodare,
827 1262 894 1328 [bu
911 1259 1022 1329 ipfius
1041 1259 1359 1331 scenographiam
1380 1277 1553 1330 reperzre.

344 1398 613 1456 Ctaedrum‚
635 1417 685 1445 ex
704 1397 883 1446 Euclide
903 1416 961 1456 27
982 1396 1266 1445 definitione.
1288 1398 1364 1446 lib.
1392 1416 1446 1449 11.
1468 1396 1527 1445 est
1544 1396 1687 1466 figura
1718 1395 1859 1445 solida

344 1469 456 1515 οᾶο
477 1467 710 1536 triangulis
729 1465 972 1536 aequalibus
998 1475 1041 1515 &
1072 1468 1338 1535 aequilateris
1364 1464 1685 1534 comprehensa
1704 1488 1716 1520 5
1738 1467 1855 1515 vnde

183 1544 230 1585 δε
262 1535 504 1584 duodecim
529 1535 668 1584 habet
692 1536 828 1584 latera
851 1536 1061 1603 aequalia,
1082 1535 1270 1603 angulos
1299 1537 1458 1602 planos
1482 1539 1861 1605 vigintiquatuor,

181 1606 264 1673 qui
280 1600 350 1650 sex
372 1603 542 1652 solidos
573 1606 855 1652 constituunt
873 1636 884 1656 ‚
905 1604 940 1650 ii
956 1620 1105 1651 autem
1124 1604 1342 1652 statuatur
1367 1605 1457 1653 hoc
1483 1602 1675 1654 solidum
1700 1609 1748 1652 in
1782 1604 1858 1652 ali-

178 1689 276 1741 quo
295 1671 456 1739 plano,
469 1676 532 1721 ita
553 1688 604 1722 vt
624 1673 740 1721 linea
760 1669 1000 1740 oppositos
1017 1672 1211 1742 angulos
1230 1672 1399 1721 solidos
1417 1676 1695 1721 connecstens
1711 1673 1856 1722 eidem

178 1741 319 1809 plano
349 1740 405 1789 fit
429 1742 807 1811 perpendicularis
826 1779 838 1800 ,
868 1759 1006 1812 atque
1030 1741 1086 1790 ab
1111 1741 1225 1790 illius
1252 1759 1448 1812 quatuor
1477 1742 1656 1811 angulis
1683 1742 1857 1797 solidis,

178 1826 376 1880 quorum
395 1815 540 1880 apices
557 1814 606 1859 in
623 1812 786 1860 eodem
809 1808 912 1860 sunt
931 1811 1071 1879 plano
1100 1809 1337 1860 horizonti
1369 1811 1578 1879 parallelo
1593 1848 1604 1868 ,
1626 1812 1754 1880 quod
1785 1830 1857 1859 ex-

179 1895 342 1928 tremos
359 1877 447 1928 siue
463 1878 705 1950 oppositos
725 1880 915 1950 angulos
927 1883 1204 1929 connestcns
1222 1882 1335 1930 linea
1351 1885 1535 1949 Vtrique
1552 1876 1605 1927 sit
1626 1881 1684 1928 ad
1696 1884 1856 1934 mestos,-

175 1948 211 1997 fi
239 1953 432 2019 inquam
451 1949 510 1998 ab
531 1954 582 2000 iis
599 1950 775 2019 angulis
800 1949 1180 2018 perpendiculares
1207 1951 1505 1999 demittantur
1523 1949 1581 1997 ad
1605 1946 1855 1999 subieritum

176 2019 368 2085 planum
387 2039 399 2072 3
421 2019 489 2067 hae
512 2020 790 2090 quadratum
818 2020 1012 2069 efficient
1039 2036 1122 2087 pro
1147 2021 1446 2089 icnographia
1478 2017 1606 2068 solidi
1629 2017 1853 2086 requisita.

176 2091 242 2136 Sit
261 2127 275 2144 ,
301 2087 496 2157 exempli
525 2091 675 2145 causa,
701 2093 748 2136 in
767 2088 1094 2158 diagrammate
1113 2092 1302 2136 X1111.
1336 2091 1455 2136 Tab.
1477 2109 1520 2148 7.
1544 2087 1704 2135 datum
1734 2106 1854 2154 pun-

176 2160 429 2217 &umE‚in
450 2176 544 2226 quo
567 2157 1278 2227 perpendiculariterintelligatur
1290 2153 1526 2205 consistere
1549 2152 1852 2216 Oetae'drum,

177 2231 294 2274 cuius
316 2225 451 2274 latera
470 2226 573 2275 sunt
595 2227 784 2296 aequalia
800 2228 926 2275 lineae
944 2233 987 2275 D
1002 2235 1038 2276 A
1060 2247 1070 2279 ·‚
1093 2227 1479 2295 perpendiculares
1498 2224 1558 2275 ab
1578 2225 1755 2273 eleuatis
1774 2244 1854 2274 an-

179 2294 295 2363 gulis
313 2293 500 2345 demiffae
523 2295 794 2364 quadratum
811 2302 852 2347 A
866 2299 896 2344 B
913 2300 951 2344 C
966 2301 1010 2344 D
1027 2333 1040 2354 ,
1053 2296 1245 2344 efficient
1263 2300 1309 2344 in
1327 2294 1528 2344 subied‘to
1549 2295 1689 2362 plano
1699 2332 1711 2353 ,
1735 2299 1854 2345 cuius

176 2380 396 2429 apparens
416 2363 558 2435 figura
575 2367 850 2424 inuenietur,
874 2381 952 2433 per
972 2381 1003 2412 1.
1026 2365 1175 2420 heum,
1191 2371 1236 2412 in
1258 2365 1433 2420 abcde,
1452 2368 1513 2412 ita
1530 2381 1579 2411 vt
1603 2362 1695 2411 sola
1718 2365 1853 2412 nobis

175 2434 485 2501 ortographiae
506 2434 625 2480 linea
641 2451 823 2482 maneat
842 2434 1108 2503 affignanda
1129 2435 1274 2483 :hanc
1292 2451 1441 2483 autem
1461 2438 1782 2481 conuenienter
1792 2433 1854 2480 di-

175 2496 312 2549 uisam
336 2519 419 2569 pro
440 2500 608 2550 diuersa
624 2504 896 2573 angulorum
916 2503 1161 2552 solidorum
1189 2504 1428 2552 altitudine
1450 2501 1855 2558 habebimus,fiad

175 2569 466 2619 vitrei-basim
495 2572 868 2640 orthogonaliter
895 2573 1110 2621 statuatur
1136 2573 1252 2620 linea
1284 2577 1311 2621 F
1333 2576 1351 2620 1
1376 2576 1423 2620 H
1449 2609 1461 2630 ,
1484 2571 1661 2638 aequalis
1690 2575 1852 2626 AEC,

175 2640 302 2708 quod
321 2640 596 2689 demonstrat
614 2637 800 2697 satis‚ex
815 2642 1012 2710 superius
1030 2642 1180 2700 dieriS,
1198 2641 1471 2710 triangulum
1490 2637 1682 2687 isosceles
1701 2644 1850 2694 PGH,

173 2707 411 2757 dimidium
431 2709 643 2777 quadrati
660 2713 969 2780 icnographiae
987 2714 1068 2761 AB
1084 2717 1123 2760 C
1141 2717 1206 2769 D,
1219 2714 1438 2758 extremos
1457 2714 1577 2757 enim
1595 2705 1684 2757 siue
1704 2727 1849 2776 oppo-

171 2775 284 2825 s1tos
304 2776 433 2826 huius
452 2776 584 2826 solidi
603 2779 813 2848 regularis
831 2781 1027 2850 angulos
1052 2784 1378 2828 conne6kentes
1407 2778 1529 2826 lineae
1557 2775 1660 2825 sunt
1691 2796 1849 2826 omnes

170 2850 288 2894 inter
310 2843 351 2894 se
370 2846 560 2917 aequales
579 2867 589 2899 5
611 2866 720 2917 ergo
745 2853 771 2896 F
788 2852 836 2897 H
855 2849 1125 2917 superiorem
1148 2867 1246 2906 cum
1272 2844 1472 2896 inferiori
1498 2851 1775 2895 conneerens
1795 2867 1848 2895 ae·

172 2915 315 2985 qualis
342 2917 401 2964 est
427 2922 516 2967 AC
553 2921 856 2987 coniungenti
884 2922 1158 2966 anteriorem
1187 2937 1286 2966 cum
1328 2917 1570 2984 posteriore
1590 2938 1602 2970 ‚-
1624 2934 1730 2986 ergo
1763 2920 1850 2965 PH

170 2984 366 3032 altitudo
384 2986 441 3034 est
463 2983 595 3033 solidi
615 2987 887 3054 exponenda
910 2992 956 3036 in
982 3003 1087 3035 orto
1126 2988 1282 3054 raphia
1297 3006 1311 3033 ,-
1331 2982 1530 3033 similiter
1554 2989 1664 3054 quia
1693 2984 1850 3032 similes

171 3051 275 3102 sunt
300 3063 342 3103 ὃς
364 3055 554 3123 aequales
576 3073 734 3102 omnes
751 3052 884 3123 ipsius
903 3056 1057 3127 anguli
1074 3006 1459 3114 sglidnneceffum
1477 3053 1560 3113 est,
1583 3068 1632 3102 vt
1649 3054 1707 3102 ab
1727 3049 1845 3100 simi-

171 3121 288 3170 libus
308 3132 350 3172 &
371 3124 614 3193 aequalibus
635 3119 925 3195 similiterque
939 3125 1166 3174 inclinatis
1186 3124 1330 3190 planis
1351 3123 1528 3193 angulis
1541 3120 1847 3175 efformentur3

167 3191 292 3240 vnde
314 3201 357 3242 δε
377 3191 594 3242 linearum
618 3192 785 3263 quibus
805 3194 916 3244 dieti
942 3196 1096 3265 anguli
1115 3195 1237 3263 plani
1260 3196 1575 3250 continentur,
1595 3201 1639 3240 δε
1671 3202 1769 3259 quae
1796 3210 1846 3239 ex

169 3256 302 3309 solidi
331 3259 599 3310 definitione
623 3262 815 3330 aequales
841 3267 957 3311 inter
981 3264 1030 3311 sev
1050 3262 1156 3313 sunt
1174 3303 1186 3323 ‚
1209 3264 1366 3312 eadem
1392 3277 1582 3331 quo-que
1603 3260 1841 3308 inclinatio

172 3328 255 3378 effe
273 3330 407 3379 debet
425 3350 436 3384 3
458 3327 531 3379 sed
558 3334 596 3380 A
612 3336 654 3381 D
676 3332 930 3401 longitudo
951 3334 1010 3394 est
1033 3329 1198 3382 lateris·
1220 3336 1376 3387 vuius,
1391 3349 1490 3378 cum
1509 3328 1585 3378 sua
1602 3329 1842 3380 aduncam

1516 3402 1557 3448 K
1622 3400 1666 3458 iij
