2498 3898
100 440 110 458 N

674 192 932 240 LIBER
1006 187 1366 239 PRIMVS.
1842 197 1886 248 33

271 260 426 324 Quam
457 261 504 308 in
537 259 746 327 expolitis
783 264 988 329 quinque
1012 274 1254 324 corporum
1286 254 1553 324 regularium
1588 256 1891 326 diagramma-

208 332 262 377 tis
283 368 297 388 ,
328 327 550 398 sequimur
587 329 858 377 methodum
881 366 892 386 ‚
924 330 1090 394 poterit
1127 325 1317 393 quilibet
1351 342 1445 372 eam
1479 327 1534 372 ad
1576 327 1809 374 arbitrium
1840 332 1885 374 in

203 398 297 446 aliis
335 393 675 466 quibuscunque
714 391 1261 462 delineandis,praesertim
1309 392 1581 462 regularibus
1624 395 1884 460 compositis

204 465 440 514 adhibere:
465 483 618 514 verum
647 465 679 513 si
709 464 932 535 propositi
958 463 1138 511 alicuius
1170 461 1297 509 solidi
1318 463 1664 531 icnograpliiam
1688 463 1885 510 Geome-

205 537 314 583 trice
339 531 581 596 describere
610 552 707 582 non
729 536 874 583 valeat
892 570 905 590 ‚
935 531 1069 599 ipsius
1092 527 1337 598 superficies
1362 549 1522 577 omnes
1543 531 1780 598 explicatas
1802 536 1885 597 pri-

203 622 329 652 mum
363 606 408 650 in
439 604 579 671 plano
607 602 849 650 delineabit
885 611 927 650 δε
959 601 1208 648 adinuicem
1247 598 1411 666 duplici
1446 600 1562 647 carta
1598 600 1882 669 agglutinata

204 676 459 721 committet
479 710 491 730 ,
520 671 905 740 quemadmodum
937 669 1143 718 Albertus
1173 674 1364 717 Durerus
1397 673 1664 717 Geometriae
1689 664 1770 716 suae
1797 669 1877 717 lib.

207 761 270 800 4,
301 751 344 790 &
376 741 541 788 Daniel
570 739 784 788 Barbarus
822 762 855 800 3.
890 754 1014 807 parte
1046 735 1127 785 suae
1167 735 1450 804 Perspedtiuae
1483 737 1647 785 docent
1682 746 1725 785 &
1764 755 1879 805 prae—

203 808 401 858 scribunt
422 847 436 864 ,
460 824 511 857 vt
538 814 587 857 iis
627 811 688 857 ita
719 806 947 858 fabricatis
989 823 1085 854 tum
1121 807 1289 875 vestigij
1327 803 1399 852 seu
1431 807 1763 872 icnograpliiae,
1784 823 1881 855 tum

202 878 504 948 ortographiae
532 896 641 928 verae
668 876 878 927 mensurae
909 886 952 926 &
991 875 1248 922 altitudines
1285 874 1514 920 eliciantur
1536 911 1549 928 ,
1579 893 1678 921 cum
1717 874 1880 942 quibus

202 948 355 1016 postea
384 944 511 997 facile
540 951 707 1015 poterit
736 957 779 995 δε
799 946 854 994 ad
875 946 987 992 datae
1020 944 1181 1012 regulae
1209 939 1511 1010 praescriptum
1544 951 1587 991 ὃς
1621 947 1727 990 citra
1755 960 1882 990 erro»

203 1034 296 1064 rem
321 1019 493 1083 operari
515 1056 528 1076 ‚
553 1014 586 1064 si
609 1017 752 1063 modo
780 1016 850 1063 vel
883 1014 966 1060 leui
996 1013 1206 1079 praeditus
1229 1010 1439 1059 industria
1465 1007 1598 1058 fuerit
1621 1034 1630 1059 ε
1655 1013 1745 1073 Qui
1772 1030 1877 1060 vero

204 1088 503 1135 Geometricis
533 1084 937 1133 construetionibus
966 1081 1211 1140 assueuere,
1229 1076 1372 1128 solida
1402 1079 1494 1126 haec
1518 1080 1733 1149 regularia
1753 1099 1880 1128 com-

199 1150 349 1222 posita
371 1169 587 1220 poterunt
616 1158 662 1201 in
691 1153 837 1201 tabula
862 1153 918 1201 ad
948 1149 1240 1217 prospee‘tum
1267 1148 1611 1197 accommodare
1632 1151 1878 1198 medianti-

202 1224 282 1271 bus
303 1222 574 1291 regularibus
601 1221 899 1290 simplicibus,
919 1215 1179 1269 difficiliora
1198 1218 1405 1266 videlicet
1433 1213 1705 1265 facilioribus
1726 1215 1877 1266 inscri-

201 1290 352 1339 bendo
371 1312 381 1343 ‚·
404 1291 590 1358 exempli
607 1295 775 1361 gratia,
793 1293 955 1339 cubum
975 1292 1019 1336 in
1044 1307 1096 1336 eo
1119 1286 1228 1343 situ,
1249 1304 1387 1356 quem
1416 1285 1509 1334 haec
1530 1287 1785 1354 propositio
1809 1305 1877 1333 re-

199 1364 338 1429 quirit
352 1396 364 1417 ,
386 1364 554 1428 poterit
569 1364 616 1408 in
635 1360 863 1428 pyramide
882 1357 1071 1427 regulari
1092 1352 1344 1427 aequilatera
1363 1353 1710 1424 inscribere,per
1731 1367 1774 1404 18
1800 1356 1877 1403 deo

200 1432 301 1477 timi
321 1433 471 1495 quinti
493 1429 628 1477 Elem.
651 1428 883 1480 Candallae
904 1427 999 1475 :sed
1024 1426 1115 1474 haec
1134 1422 1358 1483 monuisse
1378 1422 1584 1484 sufficiat,
1608 1427 1735 1493 plura
1755 1429 1873 1473 enim

201 1498 254 1545 de
276 1496 394 1545 hisce
414 1495 781 1566 inscriptionibus
797 1497 853 1546 ad
873 1496 1065 1567 figuram
1085 1497 1258 1545 XXV.
1280 1497 1327 1541 in
1345 1492 1564 1562 vigesima
1582 1498 1745 1543 oCtaua
1767 1511 1876 1565 profi

199 1564 428 1635 positione
448 1566 790 1616 did‘curisumuS.

354 1706 914 1755 PROPOSITIO
960 1703 1390 1753 VIGESIMA
1429 1703 1723 1750 SEXTA.

197 1841 444 1891 Dodecae‘dri
454 1846 574 1919 fhper
587 1857 661 1890 vno
679 1845 839 1891 laterum
851 1846 1014 1916 ficorum
1031 1844 1270 1911 quiescentis,
1293 1845 1349 1886 ita
1366 1854 1412 1887 vt
1424 1837 1645 1908 subiec'lum
1656 1840 1818 1909 planum
1839 1845 1877 1890 in

270 1913 350 1980 sola
365 1931 502 1982 tangat
515 1913 636 1967 linea,
647 1914 818 1982 figuram
838 1930 1082 1984 apparentem
1102 1917 1140 1959 in
1156 1909 1287 1957 tabula
1303 1914 1510 1978 exprimere
1527 1934 1537 1962 ·‚
1550 1912 1797 1980 fhpponatur
1806 1932 1876 1959 au-

268 1999 342 2027 tem
354 1983 511 2053 planum
531 1981 631 2051 quod
636 1983 862 2052 praedic‘i‘um
883 1985 982 2031 latus
1001 1982 1118 2031 neflit
1141 2000 1223 2027 cum
1241 1980 1397 2051 oppofito
1415 1978 1773 2050 perpendiculariter
1789 1981 1873 2048 infi-

264 2051 359 2119 flere
370 2051 535 2123 subtefflo
541 2052 671 2122 plano.

363 2191 616 2240 Odecaedri
638 2192 765 2260 quod
786 2194 902 2239 inter
923 2190 1066 2238 solida
1087 2189 1301 2260 regularia
1323 2205 1487 2259 quarto
1512 2185 1694 2238 solitum
1723 2189 1780 2237 est
1799 2189 1873 2236 100

359 2277 413 2304 co
434 2258 672 2318 recenseri,
697 2262 857 2308 dicitur
883 2259 940 2325 :gb
963 2259 1142 2307 Euclide
1161 2260 1238 2306 lib.
1265 2280 1319 2307 ιι.
1346 2260 1486 2308 Elem.
1514 2257 1777 2307 definitione
1798 2272 1871 2315 28,

200 2330 345 2399 figura
372 2325 514 2375 solida
541 2345 639 2398 quae
671 2329 921 2377 duodecim·
942 2332 1217 2396 pentagonis
1248 2328 1516 2397 aequalibus,
1539 2329 1797 2397 aequilateris
1830 2338 1876 2376 δε

199 2398 490 2467 aequiangulis
513 2402 798 2455 continetur,
818 2397 1013 2466 ideoque
1043 2405 1086 2444 δε
1120 2400 1309 2466 triginta
1343 2396 1481 2444 habet
1508 2397 1876 2466 latera‚angulos

199 2466 361 2533 planos
380 2464 817 2536 sexaginta‚solidos
838 2469 1003 2536 viginti
1017 2482 1275 2532 ,propterea
1294 2466 1422 2535 quod
1441 2465 1497 2513 ad
1520 2463 1716 2514 solidum
1730 2484 1874 2514 vnum

200 2536 564 2584 constituendum
589 2552 673 2583 tres
693 2536 813 2603 plani
836 2550 1106 2584 concurrunt
1127 2554 1137 2590 5
1159 2536 1301 2600 Qiod
1324 2532 1356 2582 fi
1373 2538 1416 2581 in
1442 2553 1535 2582 vno
1556 2532 1734 2584 suorum
1759 2535 1875 2581 late*

198 2622 293 2653 rum
317 2607 376 2651 ita
392 2606 605 2652 statuatur
627 2604 818 2654 solidum
837 2605 947 2664 hoc,
966 2620 1016 2652 vt
1039 2602 1284 2652 subiestum
1308 2603 1489 2671 planum
1512 2606 1556 2651 in
1586 2602 1680 2651 sola
1710 2619 1871 2673 tangat

200 2674 337 2732 linea,
363 2690 595 2741 pentagon
605 2689 720 2741 aque
738 2673 842 2722 huic
861 2674 989 2722 lateri
1005 2691 1059 2720 ex
1077 2686 1414 2742 Vtraque'parte
1434 2672 1706 2721 adhaerentia
1724 2690 1877 2741 aequa*

199 2744 285 2790 lem
306 2759 404 2788 cum
425 2744 587 2789 eodem
609 2741 744 2810 plano
763 2743 1104 2791 inclinationem
1126 2748 1374 2798 retineant,
1389 2738 1459 2788 seu
1473 2780 1485 2800 ,
1505 2742 1630 2810 quod
1649 2742 1768 2789 idem
1787 2742 1873 2801 est,

200 2813 384 2880 planum
406 2809 533 2880 quod
582 2811 811 2859 raedierum
831 2811 942 2862 latus
974 2813 1206 2860 connetstit
1222 2829 1322 2858 cum
1347 2810 1563 2878 opposito
1576 2810 1871 2879 perpendicu»

199 2881 287 2928 lare
309 2878 363 2926 sit
382 2880 520 2945 plano
548 2829 780 2948 Pupposito
796 2896 955 2950 ,atque
971 2879 1028 2928 ab
1050 2884 1140 2927 eius
1164 2882 1225 2927 ita
1243 2879 1475 2927 constituti
1498 2878 1711 2937 omnibus
1733 2897 1873 2948 angu-

200 2950 251 2997 lis
278 2948 570 2996 demittantur
601 2949 1012 3017 perpenditulareS,
1029 2952 1096 2996 vti
1125 2945 1308 2996 fecimus
1334 2952 1381 2996 in
1411 2946 1782 3016 praecedentibus‚
1802 2951 1868 2996 hae

201 3036 283 3086 pro
301 3016 433 3084 ipsius
458 3020 759 3088 icnographia
786 3018 1075 3089 hexagonum
1103 3018 1342 3089 irregulare
1362 3014 1627 3066 describent
1647 3020 1698 3065 in·
1710 3017 1870 3083 plano,

201 3085 334 3157 quale
352 3089 438 3133 iam
457 3087 757 3134 construimus
780 3085 1172 3138 Geometricehoc
1193 3087 1349 3136 modo.v
1512 3104 1515 3107 ‘

301 3154 582 3224 intelligatur
619 3160 667 3204 in
703 3155 1026 3225 diagrammate
1077 3158 1119 3203 X
1147 3160 1193 3206 X
1223 3160 1257 3203 1.
1285 3155 1644 3206 -Dodeca’edrum
1684 3152 1739 3200 ad
1767 3168 1869 3201 eum-

203 3240 340 3291 quem
359 3223 548 3272 dix1mus
564 3225 753 3274 modum
771 3225 1107 3285 constituti,-ita
1126 3242 1176 3277 vt
1199 3243 1339 3276 vnum
1365 3221 1496 3295 ipfius
1522 3225 1636 3271 latus
1665 3220 1863 3289 applice-

1584 3292 1687 3358 Li,
