2498 3898
626 239 876 294 Lis-ER
948 240 1400 292 SECVNDVS.
1472 248 1477 286 .·
1552 262 1556 287 3
1791 250 1862 314 143

185 310 306 372 lum,
326 310 390 361 est
408 308 542 382 ipsius
557 330 685 360 arcus
704 310 728 359 a
756 309 1039 374 semicirculo
1067 306 1332 361 differentia.
1349 330 1388 361 v.
1408 332 1451 382 g.
1472 317 1520 361 in
1539 313 1743 381 exposito
1762 316 1857 367 dian

188 399 441 449 grammate
459 377 514 427 fit
533 377 835 428 semicirculus
855 384 893 429 A
906 386 950 429 D
965 387 1004 430 C
1017 423 1027 441 ‚
1049 381 1277 448 quadrans
1292 400 1400 429 vero
1424 388 1455 430 B
1471 388 1531 442 Ο,
1547 382 1857 450 complemen-

190 457 289 496 tum
308 447 574 517 simpliciter
588 452 776 496 minoris
794 467 921 497 arcus
941 453 1030 498 CG
1050 449 1114 496 est
1138 452 1231 496 GD
1246 490 1258 509 ,
1283 454 1392 517 quia
1415 452 1479 499 est
1505 449 1759 499 differentia
1785 456 1855 501 inss

184 534 254 565 ter
270 535 426 565 arcum
454 520 569 577 CG,
590 527 634 565 ὃς
656 517 960 584 quadrantem
991 518 1090 566 CD
1109 543 1119 575 3
1140 526 1184 565 δε
1203 535 1330 565 arcus
1362 521 1542 567 maioris
1571 524 1709 567 CDE
1733 539 1855 570 com-

187 584 474 652 plementum
491 582 754 653 simpliciter
769 585 833 632 est
842 604 969 637 arcus
979 590 1022 633 D
1036 589 1091 646 E,
1105 602 1200 652 quo
1216 583 1383 633 scilicet
1399 587 1549 636 differt
1561 584 1585 633 a
1598 589 1852 657 quadrante

182 658 230 702 C
246 659 289 702 D
306 680 316 714 ·‚
335 672 379 703 at
390 652 789 720 complementum
811 653 869 700 a‘d
884 651 1215 708 seoeirculuin
1239 672 1366 703 arcus
1386 660 1477 704 CG
1488 658 1576 718 ,est
1595 676 1722 707 arcus
1742 663 1850 723 GA,

185 726 280 769 eius
297 727 512 771 nimirum
527 720 783 768 differentia
800 719 824 768 a
841 718 1122 770 semicirculo
1141 725 1182 770 A
1195 728 1238 771 D
1252 727 1303 771 C.

254 796 393 839 Porro
417 789 495 838 has
515 807 676 837 omnes
698 787 988 839 definitiones
1006 790 1082 839 hic
1102 786 1260 839 afferre
1280 801 1324 839 &
1340 791 1566 843 declarare
1586 812 1732 863 operae
1751 802 1854 865 press

183 859 299 906 tium
319 858 404 907 effe
421 859 696 918 existimaui,
709 876 804 906 non
826 856 971 908 solum
982 878 1066 928 pro
1085 856 1339 907 secantibus
1361 871 1405 910 δε
1421 863 1717 931 tangentibus
1734 884 1849 934 quaa

181 944 283 974 rum
303 924 400 977 vsus
422 925 557 976 nobis
576 933 624 976 in
650 925 852 995 praesenti
877 926 1190 996 propositione
1215 928 1480 978 necessarius
1500 931 1590 991 est,
1612 931 1687 981 sed
1712 940 1851 985 etiam

182 1013 266 1064 pro
286 994 472 1045 sinubus
491 1006 535 1046 &
550 993 645 1045 aliis
678 994 702 1042 ἐ
720 994 888 1063 quibus
917 1001 965 1044 in
984 996 1307 1065 altera„quam
1335 997 1481 1047 daturi
1500 997 1648 1050 sumus
1665 1040 1679 1063 ‚
1713 1002 1847 1054 huius

184 1070 332 1132 operis
350 1083 495 1134 parte,
515 1063 672 1113 abdita
695 1056 1258 1134 refractionum'principia
1289 1065 1511 1116 debemus
1542 1070 1778 1139 explicare.
1848 1070 1850 1073 ’

204 1142 206 1145 ’
250 1138 305 1182 Iis
324 1139 462 1203 igitur
480 1133 703 1202 praemiffis
720 1132 835 1180 mihi
848 1134 1027 1183 videtur
1043 1139 1164 1183 redte
1185 1135 1308 1202 poffe
1338 1136 1532 1205 intelligi
1549 1144 1596 1187 in
1616 1138 1846 1192 schemate

181 1200 542 1271 quadragesimo
560 1201 677 1252 Tab.
702 1213 765 1249 26.
788 1200 957 1251 lineam
982 1206 1069 1252 AB
1102 1203 1190 1251 esse
1216 1220 1484 1272 tangentem
1513 1205 1716 1275 respectu
1744 1229 1850 1279 qua⁴

180 1273 350 1320 drantis
365 1275 399 1321 L
411 1274 463 1319 M
477 1275 539 1332 A,
560 1276 669 1341 quia
682 1270 741 1319 ad
761 1265 1081 1320 semidiametri
1099 1268 1174 1321 seu
1195 1272 1307 1320 radii
1332 1275 1357 1318 L
1372 1274 1413 1320 A
1430 1281 1762 1326 extremitatem
1784 1281 1850 1329 est

180 1339 593 1410 perpendicularis,
614 1339 754 1389 lineas
780 1358 887 1388 vero
915 1345 1184 1410 punciuatas
1211 1345 1370 1401 LNB,
1389 1346 1509 1404 L70,
1531 1355 1614 1393 &a
1645 1343 1846 1398 secantes

179 1410 267 1457 esse
279 1449 291 1470 ,
309 1428 416 1458 cum
435 1407 633 1459 acenti-o
655 1408 883 1478 producta?
901 1406 1318 1459 circumferentiam
1339 1413 1391 1457 M
1404 1416 1503 1461 NA
1515 1453 1527 1473 ,
1546 1411 1697 1463 secent
1718 1426 1761 1465 δε
1778 1411 1847 1486 ip*-

179 1476 272 1526 sam
286 1496 556 1547 tangentem
576 1482 660 1528 AB
686 1482 927 1547 attingant.
963 1484 1156 1529 Certum
1184 1480 1249 1528 est
1271 1482 1409 1528 etiam
1439 1500 1492 1529 ex
1519 1481 1648 1532 dietis
1677 1483 1847 1536 lineam

177 1551 219 1596 A
233 1553 266 1595 B
285 1546 370 1594 esse
388 1565 656 1615 tangentem
681 1546 905 1618 graduum
927 1570 999 1611 45,
1019 1564 1118 1616 quae
1137 1549 1327 1617 quidem
1345 1567 1397 1597 ex
1422 1567 1510 1598 vna
1539 1568 1664 1618 parte
1693 1560 1848 1604 termi*

177 1632 311 1663 natur
326 1616 453 1663 radio
469 1618 581 1676 LA,
598 1620 671 1664 cui
691 1616 1073 1685 perpendicularis
1095 1617 1181 1677 est,
1201 1627 1244 1667 δε
1265 1636 1317 1665 ex
1334 1617 1474 1666 altera
1499 1618 1714 1671 definitur
1739 1624 1764 1672 ὲ
1782 1622 1845 1673 se<

177 1701 455 1752 cante2quae
475 1702 554 1752 per
570 1684 743 1734 dictum
764 1684 988 1753 graduum
1008 1702 1253 1734 numerum
1283 1683 1459 1747 transit,
1477 1691 1694 1739 nimirum
1716 1710 1768 1754 45
1779 1698 1848 1742 iu„

175 1751 242 1802 ste
256 1752 493 1800 dimidiam
514 1772 689 1821 partem
706 1753 969 1823 quadrantis
986 1758 1086 1803 LM
1100 1758 1140 1803 A
1153 1756 1297 1816 ,vnde
1315 1765 1359 1804 δε
1376 1754 1470 1823 ipsa
1488 1759 1524 1805 L
1539 1763 1571 1805 B
1593 1756 1769 1809 dicetur
1789 1760 1849 1811 se-

174 1839 284 1872 cans
305 1820 531 1890 graduum
542 1823 847 1892 quadraginta
861 1827 1092 1892 quinque:
1105 1821 1309 1872 similiter
1325 1824 1447 1872 linea
1459 1829 1494 1874 L
1505 1846 1532 1886 7
1543 1845 1572 1873 o
1583 1866 1596 1886 ,
1612 1823 1763 1878 secans
1782 1831 1848 1881 est

176 1889 403 1962 graduum
426 1911 493 1950 39,
511 1897 796 1940 minutorum
822 1898 919 1953 22},
940 1892 1141 1961 ideoque
1167 1892 1286 1940 linea
1314 1896 1355 1941 A
1375 1897 1443 1954 O,
1462 1910 1602 1962 quarn
1629 1913 1679 1943 ex
1706 1894 1847 1950 altera

211 1977 304 2009 arte
334 1955 479 2020 secat,
508 1970 552 2010 ὃς
584 1959 745 2009 definit
763 1966 809 2008 in
826 1965 870 2008 O
884 2002 896 2023 ,
919 1965 1002 2009 erit
1025 1978 1218 2030 tangens
1246 1980 1373 2010 arcus
1393 1963 1589 2011 totidem
1605 1966 1848 2033 graduum,

176 1980 345 2079 scilicet
363 2048 426 2088 39,
440 2037 485 2077 ὃς
501 2034 786 2078 minutorum
805 2036 895 2091 22¹&
921 2029 1033 2082 Quae
1055 2028 1274 2079 sufficiant
1291 2030 1440 2079 donec
1462 2029 1671 2081 absoluta
1686 2035 1844 2086 nostrae

176 2093 499 2169 propositionis
515 2099 875 2161 construetione,
897 2098 1146 2168 quomodo,
1166 2104 1213 2147 in
1241 2117 1294 2147 ea
1319 2107 1362 2149 ὃ(
1390 2097 1632 2164 similibus,
1652 2121 1845 2173 tangen-

175 2174 292 2217 tium
311 2163 477 2214 tabulis
494 2167 717 2216 vtendum
736 2165 791 2217 fit
806 2173 1073 2236 aperiamus.
1835 2171 1846 2199 Τ

247 2243 370 2286 Cum
389 2252 500 2303 ergo
527 2235 663 2284 nobis
687 2234 973 2306 propositum
998 2235 1053 2287 sit
1081 2255 1378 2288 numerorum
1398 2239 1701 2306 adminiculo,
1720 2242 1845 2317 figuss

176 2324 273 2353 ram
291 2308 338 2351 iri
357 2299 586 2352 schemate
606 2309 795 2355 XLIII.
822 2305 939 2354 Tab.
957 2328 1009 2369 27
1026 2308 1109 2357 rite
1126 2307 1418 2376 descriptam,
1438 2313 1502 2358 ita
1518 2319 1842 2380 proportiona-

176 2372 280 2422 liter
299 2377 346 2420 in
375 2389 630 2422 connexam
653 2379 760 2422 coni
787 2372 1071 2443 superficiem
1099 2374 1437 2440 transfundere,
1457 2397 1505 2427 vt
1527 2379 1700 2429 etiamsi
1721 2386 1844 2430 Geo-

174 2441 366 2491 metrice?
381 2441 580 2490 multum
599 2443 776 2492 differat
791 2441 816 2491 a
836 2461 1023 2512 proroty
1061 2447 1273 2507 o,eidem
1291 2462 1445 2494 tamen
1468 2448 1623 2515 optice
1638 2447 1846 2502 similis&

175 2511 357 2581 aequalis
378 2509 604 2573 videatur,
622 2529 675 2561 ac
691 2510 789 2561 siin
811 2511 949 2582 plano
968 2460 1103 2583 ipsius
1121 2520 1227 2564 coni
1253 2512 1345 2563 basi
1364 2516 1524 2584 aequali
1544 2526 1589 2566 &
1612 2515 1745 2566 simili
1765 2519 1844 2568 de-

173 2578 336 2649 scripta
365 2597 608 2629 teneretur.
667 2586 762 2631 Fiat
781 2587 981 2651 primum
1008 2587 1055 2631 in
1083 2585 1412 2653 diagrammate
1438 2590 1482 2633 X
1502 2589 1538 2634 L
1559 2590 1613 2635 V.
1646 2585 1844 2638 eiusdem

172 2649 291 2700 Tab.
313 2648 432 2696 linea
445 2652 487 2696 A
500 2654 532 2696 B
549 2689 562 2709 ,
580 2650 718 2718 dupla
736 2649 871 2719 ipsius
890 2649 947 2703 ok
967 2652 1176 2702 diametri
1193 2651 1350 2702 circuli
1369 2673 1390 2698 ο
1404 2651 1533 2708 hkm,
1548 2659 1596 2702 in
1613 2652 1841 2706 schemate

174 2721 362 2768 XLIII.
395 2727 439 2765 &
459 2735 511 2764 ex
526 2716 612 2767 hac
628 2717 747 2767 linea
766 2717 1045 2769 describatur
1063 2723 1263 2792 qudi-ans
1288 2724 1374 2770 AB
1388 2729 1449 2784 C,
1474 2728 1601 2772 cuius
1630 2724 1841 2792 periphe-

172 2792 272 2835 riaB
294 2792 358 2847 C,
383 2790 430 2833 in
446 2785 643 2836 totidem
659 2804 807 2856 partes
825 2789 1018 2856 aequales
1037 2791 1286 2839 diuidenda
1301 2791 1385 2852 est,
1397 2809 1514 2860 quot
1537 2790 1840 2842 habueritcir-

174 2853 476 2906 cumferentia
494 2859 672 2925 integra
689 2856 847 2906 circuli
863 2856 999 2908 olakm
1015 2879 1028 2910 ‚·
1047 2859 1295 2908 commoda
1312 2860 1426 2909 mihi
1442 2860 1619 2909 videtur
1632 2870 1677 2910 δε
1695 2858 1839 2911 facilis

174 2930 222 2973 in
240 2928 347 2973 osto
358 2921 510 2993 vpartes
522 2942 554 2972 ae
594 2925 716 2974 uales
738 2923 899 2974 diuifio
919 2930 1060 2995 quam
1068 2926 1346 2997 signauimus
1359 2933 1536 2997 punffis
1556 2935 1588 2977 B
1599 2936 1671 2979 HI
1683 2935 1725 2980 K
1737 2935 1772 2980 L
1784 2935 1837 2979 M

173 2998 335 3046 NOC
354 2941 656 3043 referentibus
682 2998 853 3062 puncCta
886 2992 1137 3048 bhiklmno
1149 3016 1189 3051 c,
1217 2995 1455 3047 schematis
1484 3001 1669 3048 XLIII.
1689 3001 1836 3067 potest

171 3080 328 3114 autem
350 3059 610 3110 huiusmodi
636 3060 796 3111 diuisio
822 3065 1013 3127 institui,
1032 3086 1111 3136 per
1134 3063 1301 3115 sextam
1327 3066 1526 3134 praeludii
1552 3068 1691 3115 nostri
1712 3073 1835 3115 Geo„

171 3135 378 3191 metrici,
394 3130 465 3178 vel
481 3150 570 3200 ope
589 3132 877 3181 instrumenti
903 3140 1120 3202 partium,
1137 3154 1185 3184 vt
1204 3134 1395 3184 diximus
1423 3140 1470 3183 in
1497 3135 1751 3203 appendice
1779 3137 1836 3184 de

172 3203 412 3251 communi
436 3197 658 3250 diuisione
681 3199 861 3261 circuli,
884 3212 966 3251 δίε.
987 3201 1012 3251 ὲ
1029 3202 1216 3275 singulis
1251 3203 1417 3252 deinde
1444 3205 1574 3254 huius
1605 3202 1834 3253 diuifionis

173 3275 352 3339 pun-stis
378 3273 425 3318 H
442 3272 460 3317 Ι
480 3271 523 3318 K
544 3272 582 3319 L
604 3274 658 3320 M
674 3273 722 3320 N
741 3273 786 3318 O
816 3275 946 3320 restae
973 3271 1197 3324 ducantur
1219 3270 1347 3326 lineae
1369 3270 1460 3322 siue
1489 3271 1597 3319 radii
1617 3272 1675 3320 ad
1691 3280 1835 3324 centri

174 3343 397 3408 pune‘tum
415 3340 469 3387 A.
1632 3415 1673 3462 T
