2498 3898
633 229 706 292 142
947 222 1972 274 THAVMATVRG10PT1C1

635 317 682 346 vt
701 297 878 345 videtur
897 295 994 345 fieri
1017 301 1062 343 in
1091 296 1417 363 diagrammate
1452 290 1802 362 quadragesimo
1829 288 2029 340 secundo
2056 293 2104 336 in
2131 291 2214 353 A1,
2235 288 2297 349 12„<¹

634 387 657 413 ι
671 373 696 416 S
710 406 723 426 ,
743 373 843 427 SR,
862 384 939 434 per
966 361 1306 431 dispositionem
1333 367 1607 411 contrariam
1636 360 1899 429 quadrantis
1924 361 2097 419 LMA,
2117 378 2169 407 ex
2198 376 2293 427 quo

635 431 878 502 spatiorum
897 434 1223 480 diminutiones
1251 431 1561 490 deducuntur,
1581 447 1660 498 per
1683 428 1822 476 lineas
1846 433 1930 489 L1,
1949 431 2044 488 Lz,
2065 432 2150 488 L3,
2167 433 2294 476 cuius

635 507 912 551 contrarium
939 505 1093 548 euenit
1124 505 1170 547 in
1197 498 1424 548 schemate
1449 494 1827 567 quadragesimO,
1850 494 1929 544 vbi
1953 493 2091 564 spatia
2116 495 2294 545 circulis

638 567 988 638 comprehensa,
1008 568 1032 616 a
1050 573 1217 617 vertice
1237 569 1293 616 ad
1312 566 1451 616 bafim
1481 565 1883 635 proportionaliter
1908 582 2134 634 augentur
2149 606 2163 626 ,
2187 569 2296 633 quia

637 642 941 708 propinquior
961 638 1025 685 est
1042 636 1180 685 oculo
1200 655 1351 685 vertex
1364 678 1376 697 ,
1431 629 1534 685 nain
1550 633 1641 704 ipsa
1657 632 1784 683 basis.

701 713 787 758 Pro
809 705 1065 755 Corollario
1084 705 1216 753 huius
1242 655 1582 780 propogtionis,
1609 703 1835 771 poffemus
1861 703 1937 752 liic
1961 702 2018 751 de
2040 706 2296 772 imaginum

636 776 903 824 reductione
924 787 1144 823 annotare
1165 773 1294 842 quod
1315 773 1623 821 lubiunximus
1644 777 1690 819 in
1708 773 1980 839 praecedenti
2000 799 2011 831 3
2033 769 2222 821 sedcum
2240 770 2297 819 de

637 844 733 907 illa,
753 841 992 913 propositis
1016 848 1151 892 etiam
1173 853 1216 892 &
1241 841 1457 891 adhibitis
1484 839 1700 908 exemplis
1728 840 1976 888 debeamus
2002 858 2137 909 agere
2162 845 2209 888 in
2233 837 2298 888 se-

634 911 884 982 quentibus
907 910 1253 980 propositionis,
1272 911 1386 960 nihil
1407 910 1483 959 hic
1502 909 1752 957 dicendum
1779 908 1972 977 amplius
1999 909 2198 969 videtur,
2215 906 2298 956 nisi

635 983 765 1051 quod
783 987 829 1029 in
847 998 1037 1049 Vtraque
1058 979 1292 1049 superficie
1311 1000 1404 1029 tam
1423 982 1631 1031 exteriori
1647 975 1720 1025 seu
1732 996 1959 1038 conuexa,
1971 974 2301 1046 quaminterio-

635 1056 670 1098 ri
689 1050 763 1099 seu
781 1067 986 1098 concaua
1004 1054 1110 1098 coni
1131 1050 1189 1097 ad
1205 1068 1310 1099 eum
1332 1067 1473 1120 quem
1490 1045 1844 1095 smnificauimus
1866 1046 2061 1105 modum
2077 1045 2215 1095 oculo
2225 1063 2299 1093 ex-

634 1117 789 1187 pofiti,
802 1115 894 1187 ipsa
912 1117 1249 1188 diagrammatis
1270 1090 1604 1187 quadragesime
1630 1120 1763 1184 primi
1780 1119 2044 1184 apparentia
2064 1114 2188 1184 aeque
2208 1133 2302 1182 pet-

634 1186 756 1237 fecta
782 1198 824 1237 ὃς
843 1186 1059 1235 omnibus
1079 1191 1278 1235 numeris
1306 1186 1531 1245 absoluta,
1551 1203 1658 1233 cum
1676 1181 1757 1232 suis
1787 1185 2015 1232 diametris
2050 1195 2094 1234 &
2117 1182 2295 1233 circulis

635 1259 938 1306 concentricis
963 1255 1194 1304 videbitur
1209 1275 1260 1304 ac
1287 1255 1319 1304 fi
1345 1255 1475 1324 super
1503 1253 1691 1321 planum
1720 1251 1801 1301 suae
1828 1250 1941 1302 bafis
1969 1253 2141 1304 circulo
2171 1269 2301 1302 com-

634 1322 905 1396 prehensum
923 1323 1144 1392 descripta
1163 1321 1510 1392 conspiceretur.

997 1462 1557 1509 PROPOSITIO
1633 1461 1918 1508 SEXTA.

631 1606 713 1652 Per
731 1621 900 1651 numeros
911 1604 986 1675 seu
1004 1599 1153 1649 tabulas
1171 1602 1455 1668 Tangentium,
1474 1602 1511 1646 in
1526 1617 1691 1646 connexa
1707 1604 1786 1646 coni
1799 1598 1994 1668 fupefficie
2012 1604 2214 1670 imaginem
2229 1599 2302 1648 de⁴

690 1672 860 1744 scribere
883 1692 983 1742 quae,
1000 1672 1066 1736 etsi
1093 1670 1245 1718 aliunde
1271 1671 1447 1739 confusa,
1465 1669 1642 1737 defbrmis
1668 1682 1727 1725 ξφ
1754 1674 2085 1738 improportionata
2110 1671 2301 1724 videatum

630 1788 633 1792 .
698 1741 936 1791 nihilominus
953 1747 992 1789 in
1009 1739 1129 1789 debito
1136 1741 1215 1806 situ
1231 1754 1290 1796 <5¹
1307 1738 1476 1810 &panno
1494 1739 1740 1786 determinato
1763 1739 1981 1809 conspersia,
1999 1738 2140 1790 obtusio
2161 1759 2302 1812 propo⁴

690 1814 903 1878 fitofimiln
919 1829 1114 1883 appareat.

637 1950 908 2084 EAdem
926 1947 1019 1999 fere
1039 1953 1104 1999 est
1121 1951 1214 2000 haec
1236 1949 1488 2020 propositio
1507 1969 1614 2001 cum
1640 1953 1800 2022 quarta
1826 1949 1958 2000 huius
1989 1949 2115 2012 libri,
2131 1949 2307 2000 differt-'

757 2041 848 2090 que
881 2019 940 2069 ab
968 2039 1022 2068 ea
1045 2021 1279 2068 dumtaxat
1304 2036 1531 2088 quantum
1557 2021 1613 2069 ad
1638 2023 2055 2071 construstionem3
2077 2020 2154 2069 illa
2180 2023 2305 2067 enim

636 2108 715 2158 per
741 2089 880 2139 lineas
899 2131 911 2151 ,
938 2089 1031 2138 haec
1057 2108 1137 2158 per
1160 2108 1376 2137 numeros
1405 2094 1788 2159 Trigonometriae
1813 2087 1906 2137 siue
1935 2108 2015 2158 per
2036 2094 2306 2159 Tangentes

634 2155 884 2207 absoluitur
897 2200 908 2219 ‚
928 2159 1086 2227 estque
1108 2163 1255 2226 priore
1275 2162 1442 2206 certior
1459 2168 1504 2207 δε
1520 2158 1832 2220 vniuersalior,
1852 2176 1949 2205 non
1966 2158 2096 2227 quod
2112 2172 2305 2224 Vtraque

636 2245 734 2276 non
748 2229 925 2297 optime
942 2225 1209 2276 succedatin
1225 2231 1370 2295 praxi,
1394 2245 1500 2274 cum
1519 2227 1594 2274 illa
1623 2226 1676 2276 sit
1700 2228 1832 2276 huius
1864 2227 2005 2282 veluti
2031 2224 2308 2274 fundamen-

637 2314 736 2344 tum
756 2315 766 2347 3
788 2295 862 2344 sed
881 2301 989 2365 quia
1008 2302 1129 2365 prior
1143 2300 1290 2365 magis
1324 2295 1388 2343 est
1413 2294 1639 2345 erroribus
1664 2295 1882 2355 obnoxia,
1906 2293 1998 2344 fiue
2023 2299 2132 2364 quia
2160 2293 2309 2362 potest

636 2363 798 2413 lineale
820 2384 917 2413 non
933 2364 1087 2413 exac'te
1106 2366 1163 2414 ad
1182 2363 1368 2413 secundi
1390 2365 1653 2433 quadrantis
1678 2383 1889 2414 centrum
1917 2364 2158 2434 applicari,
2177 2381 2224 2411 vt
2250 2363 2307 2410 ad

636 2438 859 2502 punctum
878 2439 939 2496 L,
957 2430 1196 2483 schematis
1218 2431 1554 2502 quadragesimi
1573 2454 1584 2483 ‚·
1603 2432 1694 2481 fine
1716 2439 1824 2502 quia
1840 2434 1989 2501 potest
2008 2431 2033 2481 ἐι
2048 2434 2222 2501 Ρυῃᾶο
2251 2432 2310 2478 di-

636 2499 846 2564 uislonis,
866 2522 945 2571 per
964 2505 1093 2572 quod
1115 2502 1256 2551 debet
1278 2503 1397 2549 linea
1416 2498 1567 2550 secans
1586 2500 1794 2562 transire,
1811 2507 2101 2570 aliquantum
2130 2499 2309 2549 aberra-

635 2589 682 2620 re
696 2589 769 2631 ,ex
790 2577 948 2639 quoin
968 2571 1199 2640 progressu
1220 2590 1343 2618 error
1362 2588 1459 2617 non
1480 2569 1589 2618 leuis
1611 2569 1756 2638 posset
1774 2574 1905 2617 oriri:
1924 2570 2042 2618 adde
2060 2569 2190 2638 quod
2209 2568 2307 2636 plu-

635 2637 759 2688 ribus
779 2638 962 2688 diuersis
984 2640 1132 2687 modis
1151 2636 1353 2686 eiusdem
1369 2637 1670 2706 problematis
1691 2639 2083 2688 construetionem
2094 2635 2310 2708 poffeab-

637 2705 809 2756 soluere
830 2727 928 2757 non
949 2708 1014 2756 est
1037 2707 1219 2767 i'nutile,
1236 2727 1344 2756 cum
1371 2704 1454 2754 suis
1482 2724 1579 2755 non
1613 2708 1913 2756 destituantur
1940 2707 2199 2757 commodis
2222 2703 2311 2754 sin-

638 2775 734 2845 guli
752 2777 1041 2846 modi,quod
1057 2776 1250 2844 amplius
1271 2774 1447 2843 patebit
1464 2794 1515 2823 ex
1536 2774 1987 2845 sequentibuswnde
2006 2788 2049 2826 &
2069 2776 2194 2825 hunc
2214 2793 2312 2843 pro-

635 2863 809 2912 ponere
829 2846 982 2907 statui,
1002 2851 1082 2914 qui
1099 2849 1183 2894 tibi
1203 2851 1249 2893 in
1266 2843 1382 2893 Tab.
1407 2867 1470 2906 27.
1494 2846 1515 2891 ὲ
1536 2846 1874 2915 diagrammatis
1903 2848 2061 2895 XLIII.
2089 2848 2250 2894 XLIV.
2266 2853 2312 2893 ἃ

638 2913 793 2961 XLV.
809 2913 1059 2963 exhibetur.

715 2980 890 3031 Verum
916 2984 974 3031 ad
1002 2983 1134 3032 huius
1163 2984 1375 3032 methodi
1403 2984 1760 3054 intelligentiam
1779 3025 1791 3045 ,
1810 2981 2020 3052 quaedam
2046 2982 2124 3031 hic
2156 2979 2260 3030 sunt
2287 2981 2311 3026 ὃ

640 3056 1052 3120 Trigonometricis
1074 3052 1312 3100 clementis
1334 3054 1581 3112 afferenda,
1613 3052 1998 3121 quandoquidem
2024 3056 2072 3099 in
2098 3049 2314 3119 praeludio

639 3122 794 3167 nostro
815 3124 1111 3169 Geometrico
1129 3121 1208 3168 ista
1227 3138 1324 3169 non
1344 3121 1922 3190 explicuimus-‚incipimus
1933 3119 2158 3175 autemab
2179 3115 2313 3187 ipsius

640 3192 681 3236 T
685 3193 1023 3256 rigonometriae
1042 3187 1326 3237 definitione.

709 3262 1085 3327 Trigonometria
1101 3258 1165 3305 est
1184 3257 1517 3327 triangulorum
1540 3258 1932 3308 dimetiendorum
1958 3259 2183 3308 doetrina3
2196 3260 2315 3304 ‘stavt

642 3323 663 3371 ἐ
691 3321 757 3371 sex
776 3325 1000 3392 partibus,
1016 3325 1185 3396 quibus
1206 3345 1348 3374 omne
1368 3328 1648 3398 triangulum
1666 3325 2136 3397 componitur,tribus
2149 3342 2317 3393 nempe
