<?xml version="1.0" encoding="UTF-8"?>
<!DOCTYPE html PUBLIC "-//W3C//DTD XHTML 1.0 Transitional//EN"
    "http://www.w3.org/TR/xhtml1/DTD/xhtml1-transitional.dtd">
<html xmlns="http://www.w3.org/1999/xhtml" xml:lang="en" lang="en">
 <head>
  <title>
</title>
<meta http-equiv="Content-Type" content="text/html;charset=utf-8" />
  <meta name='ocr-system' content='tesseract 3.04.00' />
  <meta name='ocr-capabilities' content='ocr_page ocr_carea ocr_par ocr_line ocrx_word'/>
</head>
<body>
  <div class='ocr_page' id='page_1' title='image "./rpioannisfrancis00nice_0214.png"; bbox 0 0 2498 3898; ppageno 0'>
   <div class='ocr_carea' id='block_1_1' title="bbox 609 219 2348 3400">
    <p class='ocr_par' dir='ltr' id='par_1_1' title="bbox 609 219 2017 285">
     <span class='ocr_line' id='line_1_1' title="bbox 609 219 2017 285; baseline -0.008 -10"><span class='ocrx_word' id='word_1_1' title='bbox 609 244 688 285; x_wconf 35' lang='grc' dir='ltr'><strong><em>ἰχ-,ε</em></strong></span> <span class='ocrx_word' id='word_1_2' title='bbox 933 221 1615 271; x_wconf 69' lang='lat' dir='ltr'>THAVMATVRGI</span> <span class='ocrx_word' id='word_1_3' title='bbox 1696 219 2017 267; x_wconf 87' lang='lat' dir='ltr'>OPTICI</span> 
     </span>
    </p>

    <p class='ocr_par' dir='ltr' id='par_1_2' title="bbox 622 286 2316 1859">
     <span class='ocr_line' id='line_1_2' title="bbox 692 286 2308 360; baseline -0.005 -17"><span class='ocrx_word' id='word_1_4' title='bbox 692 294 781 344; x_wconf 88' lang='lat' dir='ltr'>Sed</span> <span class='ocrx_word' id='word_1_5' title='bbox 810 293 922 342; x_wconf 89' lang='lat' dir='ltr'>dum</span> <span class='ocrx_word' id='word_1_6' title='bbox 954 291 1223 360; x_wconf 86' lang='lat' dir='ltr'>sequentem</span> <span class='ocrx_word' id='word_1_7' title='bbox 1250 310 1301 337; x_wconf 70' lang='lat' dir='ltr'>ezr</span> <span class='ocrx_word' id='word_1_8' title='bbox 1330 289 1493 336; x_wconf 83' lang='lat' dir='ltr'>eadem</span> <span class='ocrx_word' id='word_1_9' title='bbox 1519 305 1647 356; x_wconf 85' lang='lat' dir='ltr'>parte</span> <span class='ocrx_word' id='word_1_10' title='bbox 1685 286 2115 356; x_wconf 85' lang='lat' dir='ltr'><strong>perpendicularem</strong></span> <span class='ocrx_word' id='word_1_11' title='bbox 2143 286 2308 335; x_wconf 89' lang='lat' dir='ltr'>ducere</span> 
     </span>
     <span class='ocr_line' id='line_1_3' title="bbox 622 351 2309 431; baseline -0.005 -19"><span class='ocrx_word' id='word_1_12' title='bbox 622 382 792 424; x_wconf 86' lang='lat' dir='ltr'>tentat,</span> <span class='ocrx_word' id='word_1_13' title='bbox 816 376 1151 431; x_wconf 81' lang='lat' dir='ltr'>proptereaque</span> <span class='ocrx_word' id='word_1_14' title='bbox 1170 356 1552 427; x_wconf 83' lang='lat' dir='ltr'>perpendiculum</span> <span class='ocrx_word' id='word_1_15' title='bbox 1570 355 1651 423; x_wconf 85' lang='lat' dir='ltr'>dg,</span> <span class='ocrx_word' id='word_1_16' title='bbox 1670 361 1719 405; x_wconf 91' lang='lat' dir='ltr'>in</span> <span class='ocrx_word' id='word_1_17' title='bbox 1743 361 1869 426; x_wconf 85' lang='lat' dir='ltr'>virga</span> <span class='ocrx_word' id='word_1_18' title='bbox 1894 355 1967 404; x_wconf 90' lang='lat' dir='ltr'>vel</span> <span class='ocrx_word' id='word_1_19' title='bbox 1985 351 2095 404; x_wconf 87' lang='lat' dir='ltr'>fune</span> <span class='ocrx_word' id='word_1_20' title='bbox 2119 356 2169 409; x_wconf 87' lang='lat' dir='ltr'>il,</span> <span class='ocrx_word' id='word_1_21' title='bbox 2197 374 2309 406; x_wconf 84' lang='lat' dir='ltr'>con-</span> 
     </span>
     <span class='ocr_line' id='line_1_4' title="bbox 623 422 2310 497; baseline -0.005 -16"><span class='ocrx_word' id='word_1_22' title='bbox 623 437 860 481; x_wconf 87' lang='lat' dir='ltr'>uenienter</span> <span class='ocrx_word' id='word_1_23' title='bbox 878 427 1098 497; x_wconf 86' lang='lat' dir='ltr'>disponit,</span> <span class='ocrx_word' id='word_1_24' title='bbox 1120 445 1168 476; x_wconf 87' lang='lat' dir='ltr'>vt</span> <span class='ocrx_word' id='word_1_25' title='bbox 1189 428 1381 475; x_wconf 58' lang='lat' dir='ltr'>ductum</span> <span class='ocrx_word' id='word_1_26' title='bbox 1399 424 1530 473; x_wconf 84' lang='lat' dir='ltr'>filum</span> <span class='ocrx_word' id='word_1_27' title='bbox 1554 429 1672 474; x_wconf 89' lang='lat' dir='ltr'>AIL</span> <span class='ocrx_word' id='word_1_28' title='bbox 1686 465 1697 484; x_wconf 91' lang='lat'>,</span> <span class='ocrx_word' id='word_1_29' title='bbox 1719 422 1866 493; x_wconf 88' lang='lat' dir='ltr'>ipsum</span> <span class='ocrx_word' id='word_1_30' title='bbox 1892 444 1973 493; x_wconf 91' lang='lat' dir='ltr'>per</span> <span class='ocrx_word' id='word_1_31' title='bbox 2001 442 2153 474; x_wconf 86' lang='lat' dir='ltr'>totum</span> <span class='ocrx_word' id='word_1_32' title='bbox 2181 426 2310 473; x_wconf 87' lang='lat' dir='ltr'>radat</span> 
     </span>
     <span class='ocr_line' id='line_1_5' title="bbox 625 489 2312 568; baseline -0.005 -17"><span class='ocrx_word' id='word_1_33' title='bbox 625 511 668 551; x_wconf 72' lang='grc' dir='ltr'>δε</span> <span class='ocrx_word' id='word_1_34' title='bbox 698 506 744 548; x_wconf 91' lang='lat' dir='ltr'>in</span> <span class='ocrx_word' id='word_1_35' title='bbox 773 495 1011 568; x_wconf 82' lang='lat' dir='ltr'>quaesitum</span> <span class='ocrx_word' id='word_1_36' title='bbox 1043 495 1198 545; x_wconf 88' lang='lat' dir='ltr'>locum</span> <span class='ocrx_word' id='word_1_37' title='bbox 1225 496 1399 545; x_wconf 89' lang='lat' dir='ltr'>incidat</span> <span class='ocrx_word' id='word_1_38' title='bbox 1417 523 1427 553; x_wconf 84' lang='lat'>-,</span> <span class='ocrx_word' id='word_1_39' title='bbox 1447 495 1645 543; x_wconf 85' lang='lat' dir='ltr'>aduertit</span> <span class='ocrx_word' id='word_1_40' title='bbox 1672 492 1803 543; x_wconf 86' lang='lat' dir='ltr'>filum</span> <span class='ocrx_word' id='word_1_41' title='bbox 1832 499 1879 541; x_wconf 91' lang='lat' dir='ltr'>in</span> <span class='ocrx_word' id='word_1_42' title='bbox 1905 489 2052 562; x_wconf 88' lang='lat' dir='ltr'>ipsum</span> <span class='ocrx_word' id='word_1_43' title='bbox 2087 493 2312 564; x_wconf 82' lang='lat' dir='ltr'>angulum</span> 
     </span>
     <span class='ocr_line' id='line_1_6' title="bbox 626 566 2308 634; baseline -0.004 -16"><span class='ocrx_word' id='word_1_44' title='bbox 626 574 781 634; x_wconf 89' lang='lat' dir='ltr'>parieti</span> <span class='ocrx_word' id='word_1_45' title='bbox 800 570 949 617; x_wconf 91' lang='lat' dir='ltr'>VXY</span> <span class='ocrx_word' id='word_1_46' title='bbox 962 569 1020 626; x_wconf 91' lang='lat' dir='ltr'>Z,</span> <span class='ocrx_word' id='word_1_47' title='bbox 1042 576 1085 614; x_wconf 72' lang='grc' dir='ltr'>δε</span> <span class='ocrx_word' id='word_1_48' title='bbox 1104 584 1236 613; x_wconf 90' lang='lat' dir='ltr'>muro</span> <span class='ocrx_word' id='word_1_49' title='bbox 1257 571 1280 614; x_wconf 91' lang='lat' dir='ltr'>S</span> <span class='ocrx_word' id='word_1_50' title='bbox 1296 569 1463 624; x_wconf 90' lang='lat' dir='ltr'>VZT,</span> <span class='ocrx_word' id='word_1_51' title='bbox 1484 581 1790 612; x_wconf 86' lang='lat' dir='ltr'>communem</span> <span class='ocrx_word' id='word_1_52' title='bbox 1808 566 2038 612; x_wconf 89' lang='lat' dir='ltr'>incurrere</span> <span class='ocrx_word' id='word_1_53' title='bbox 2051 602 2065 621; x_wconf 90' lang='lat'>,</span> <span class='ocrx_word' id='word_1_54' title='bbox 2085 567 2133 610; x_wconf 89' lang='lat' dir='ltr'>in</span> <span class='ocrx_word' id='word_1_55' title='bbox 2154 581 2308 632; x_wconf 89' lang='lat' dir='ltr'>eoque</span> 
     </span>
     <span class='ocr_line' id='line_1_7' title="bbox 624 631 2311 702; baseline -0.004 -16"><span class='ocrx_word' id='word_1_56' title='bbox 624 639 790 686; x_wconf 87' lang='lat' dir='ltr'>lineam</span> <span class='ocrx_word' id='word_1_57' title='bbox 822 633 905 692; x_wconf 80' lang='lat' dir='ltr'>ab,</span> <span class='ocrx_word' id='word_1_58' title='bbox 931 632 1207 695; x_wconf 83' lang='lat' dir='ltr'>describere,</span> <span class='ocrx_word' id='word_1_59' title='bbox 1224 652 1324 702; x_wconf 85' lang='lat' dir='ltr'>quae</span> <span class='ocrx_word' id='word_1_60' title='bbox 1353 633 1522 682; x_wconf 90' lang='lat' dir='ltr'>lineam</span> <span class='ocrx_word' id='word_1_61' title='bbox 1540 653 1564 701; x_wconf 80' lang='lat' dir='ltr'>q</span> <span class='ocrx_word' id='word_1_62' title='bbox 1580 653 1628 689; x_wconf 89' lang='lat' dir='ltr'>r,</span> <span class='ocrx_word' id='word_1_63' title='bbox 1657 635 1897 702; x_wconf 86' lang='lat' dir='ltr'>prototypi</span> <span class='ocrx_word' id='word_1_64' title='bbox 1922 635 1971 679; x_wconf 90' lang='lat' dir='ltr'>in</span> <span class='ocrx_word' id='word_1_65' title='bbox 1994 631 2166 679; x_wconf 87' lang='lat' dir='ltr'>areolas</span> <span class='ocrx_word' id='word_1_66' title='bbox 2196 650 2311 699; x_wconf 82' lang='lat' dir='ltr'>qua-</span> 
     </span>
     <span class='ocr_line' id='line_1_8' title="bbox 626 699 2310 770; baseline -0.002 -16"><span class='ocrx_word' id='word_1_67' title='bbox 626 708 772 754; x_wconf 83' lang='lat' dir='ltr'>dratas</span> <span class='ocrx_word' id='word_1_68' title='bbox 807 700 937 753; x_wconf 87' lang='lat' dir='ltr'>diuisi</span> <span class='ocrx_word' id='word_1_69' title='bbox 964 699 1253 770; x_wconf 82' lang='lat' dir='ltr'>repraesentat</span> <span class='ocrx_word' id='word_1_70' title='bbox 1270 729 1279 760; x_wconf 77' lang='lat'>3</span> <span class='ocrx_word' id='word_1_71' title='bbox 1299 702 1420 750; x_wconf 90' lang='lat' dir='ltr'>vnde</span> <span class='ocrx_word' id='word_1_72' title='bbox 1451 702 1575 750; x_wconf 69' lang='lat' dir='ltr'>certe</span> <span class='ocrx_word' id='word_1_73' title='bbox 1606 720 1793 770; x_wconf 89' lang='lat' dir='ltr'>apparet</span> <span class='ocrx_word' id='word_1_74' title='bbox 1821 705 1869 749; x_wconf 91' lang='lat' dir='ltr'>in</span> <span class='ocrx_word' id='word_1_75' title='bbox 1894 704 2067 770; x_wconf 89' lang='lat' dir='ltr'>pariete</span> <span class='ocrx_word' id='word_1_76' title='bbox 2095 704 2310 761; x_wconf 89' lang='lat' dir='ltr'>VXYZ,</span> 
     </span>
     <span class='ocr_line' id='line_1_9' title="bbox 625 768 2312 839; baseline -0.004 -16"><span class='ocrx_word' id='word_1_77' title='bbox 625 773 782 823; x_wconf 89' lang='lat' dir='ltr'>locum</span> <span class='ocrx_word' id='word_1_78' title='bbox 801 775 1034 822; x_wconf 83' lang='lat' dir='ltr'>dumtaxat</span> <span class='ocrx_word' id='word_1_79' title='bbox 1051 769 1259 820; x_wconf 72' lang='lat' dir='ltr'>affionari</span> <span class='ocrx_word' id='word_1_80' title='bbox 1276 770 1558 819; x_wconf 88' lang='lat' dir='ltr'>delineandis</span> <span class='ocrx_word' id='word_1_81' title='bbox 1581 774 1794 839; x_wconf 78' lang='lat' dir='ltr'>imaginis</span> <span class='ocrx_word' id='word_1_82' title='bbox 1815 768 2021 838; x_wconf 85' lang='lat' dir='ltr'>partibus</span> <span class='ocrx_word' id='word_1_83' title='bbox 2039 773 2198 839; x_wconf 85' lang='lat' dir='ltr'>quaein</span> <span class='ocrx_word' id='word_1_84' title='bbox 2214 787 2312 837; x_wconf 84' lang='lat' dir='ltr'>pro-</span> 
     </span>
     <span class='ocr_line' id='line_1_10' title="bbox 627 813 2311 912; baseline -0.004 -20"><span class='ocrx_word' id='word_1_85' title='bbox 627 861 790 912; x_wconf 87' lang='lat' dir='ltr'>totypo</span> <span class='ocrx_word' id='word_1_86' title='bbox 820 813 1286 911; x_wconf 59' lang='lat' dir='ltr'>comprehenduntur</span> <span class='ocrx_word' id='word_1_87' title='bbox 1312 838 1454 909; x_wconf 84' lang='lat' dir='ltr'>spatio</span> <span class='ocrx_word' id='word_1_88' title='bbox 1481 859 1506 908; x_wconf 77' lang='lat' dir='ltr'>q</span> <span class='ocrx_word' id='word_1_89' title='bbox 1526 844 1566 888; x_wconf 92' lang='lat' dir='ltr'>C</span> <span class='ocrx_word' id='word_1_90' title='bbox 1584 844 1627 889; x_wconf 93' lang='lat' dir='ltr'>D</span> <span class='ocrx_word' id='word_1_91' title='bbox 1643 857 1662 885; x_wconf 89' lang='lat' dir='ltr'>r</span> <span class='ocrx_word' id='word_1_92' title='bbox 1687 857 1697 889; x_wconf 67' lang='grc' dir='ltr'><strong>ς</strong></span> <span class='ocrx_word' id='word_1_93' title='bbox 1719 857 1766 886; x_wconf 90' lang='lat' dir='ltr'>at</span> <span class='ocrx_word' id='word_1_94' title='bbox 1783 856 1892 887; x_wconf 84' lang='lat' dir='ltr'>vero</span> <span class='ocrx_word' id='word_1_95' title='bbox 1923 835 2231 888; x_wconf 86' lang='lat' dir='ltr'>describendis</span> <span class='ocrx_word' id='word_1_96' title='bbox 2257 842 2311 886; x_wconf 90' lang='lat' dir='ltr'>iis</span> 
     </span>
     <span class='ocr_line' id='line_1_11' title="bbox 627 905 2313 981; baseline -0.005 -18"><span class='ocrx_word' id='word_1_97' title='bbox 627 931 726 981; x_wconf 84' lang='lat' dir='ltr'>quae</span> <span class='ocrx_word' id='word_1_98' title='bbox 749 912 907 962; x_wconf 82' lang='lat' dir='ltr'>vltima</span> <span class='ocrx_word' id='word_1_99' title='bbox 926 911 1256 980; x_wconf 87' lang='lat' dir='ltr'>quadratorum</span> <span class='ocrx_word' id='word_1_100' title='bbox 1273 906 1380 958; x_wconf 91' lang='lat' dir='ltr'>serie</span> <span class='ocrx_word' id='word_1_101' title='bbox 1402 915 1434 958; x_wconf 92' lang='lat' dir='ltr'><strong>B</strong></span> <span class='ocrx_word' id='word_1_102' title='bbox 1447 913 1542 978; x_wconf 79' lang='lat' dir='ltr'>qrE</span> <span class='ocrx_word' id='word_1_103' title='bbox 1558 906 1957 970; x_wconf 72' lang='lat' dir='ltr'>,1c0ncluduntur‚</span> <span class='ocrx_word' id='word_1_104' title='bbox 1976 905 2171 975; x_wconf 89' lang='lat' dir='ltr'>spatium</span> <span class='ocrx_word' id='word_1_105' title='bbox 2197 905 2313 956; x_wconf 82' lang='lat' dir='ltr'>defi-</span> 
     </span>
     <span class='ocr_line' id='line_1_12' title="bbox 628 976 2312 1059; baseline -0.003 -29"><span class='ocrx_word' id='word_1_106' title='bbox 628 1001 730 1031; x_wconf 88' lang='lat' dir='ltr'>cere</span> <span class='ocrx_word' id='word_1_107' title='bbox 751 1010 760 1041; x_wconf 80' lang='lat'>3</span> <span class='ocrx_word' id='word_1_108' title='bbox 781 981 896 1059; x_wconf 83' lang='lat' dir='ltr'>quid</span> <span class='ocrx_word' id='word_1_109' title='bbox 919 980 1026 1028; x_wconf 89' lang='lat' dir='ltr'>inde</span> <span class='ocrx_word' id='word_1_110' title='bbox 1045 992 1058 1027; x_wconf 66' lang='grc' dir='ltr'>ἒ</span> <span class='ocrx_word' id='word_1_111' title='bbox 1081 993 1139 1027; x_wconf 84' lang='lat' dir='ltr'>an</span> <span class='ocrx_word' id='word_1_112' title='bbox 1157 997 1253 1026; x_wconf 91' lang='lat' dir='ltr'>non</span> <span class='ocrx_word' id='word_1_113' title='bbox 1277 996 1519 1048; x_wconf 87' lang='lat' dir='ltr'>propterea</span> <span class='ocrx_word' id='word_1_114' title='bbox 1536 996 1701 1027; x_wconf 85' lang='lat' dir='ltr'>manca</span> <span class='ocrx_word' id='word_1_115' title='bbox 1720 995 1798 1025; x_wconf 91' lang='lat' dir='ltr'>aut</span> <span class='ocrx_word' id='word_1_116' title='bbox 1817 976 1979 1026; x_wconf 88' lang='lat' dir='ltr'>mutila</span> <span class='ocrx_word' id='word_1_117' title='bbox 1994 980 2206 1046; x_wconf 87' lang='lat' dir='ltr'>imaginis</span> <span class='ocrx_word' id='word_1_118' title='bbox 2222 981 2256 1024; x_wconf 93' lang='lat' dir='ltr'>B</span> <span class='ocrx_word' id='word_1_119' title='bbox 2270 982 2312 1025; x_wconf 92' lang='lat' dir='ltr'>C</span> 
     </span>
     <span class='ocr_line' id='line_1_13' title="bbox 626 1042 2314 1117; baseline -0.004 -17"><span class='ocrx_word' id='word_1_120' title='bbox 626 1057 669 1099; x_wconf 93' lang='lat' dir='ltr'>D</span> <span class='ocrx_word' id='word_1_121' title='bbox 684 1056 716 1099; x_wconf 81' lang='lat' dir='ltr'><strong>E</strong></span> <span class='ocrx_word' id='word_1_122' title='bbox 730 1090 742 1111; x_wconf 89' lang='lat'>‚</span> <span class='ocrx_word' id='word_1_123' title='bbox 759 1051 969 1100; x_wconf 79' lang='lat' dir='ltr'>instituta</span> <span class='ocrx_word' id='word_1_124' title='bbox 992 1052 1215 1117; x_wconf 66' lang='lat' dir='ltr'>proiectio</span> <span class='ocrx_word' id='word_1_125' title='bbox 1232 1047 1518 1117; x_wconf 89' lang='lat' dir='ltr'>relinquetur</span> <span class='ocrx_word' id='word_1_126' title='bbox 1537 1059 1550 1096; x_wconf 68' lang='grc' dir='ltr'><em>ἒ</em></span> <span class='ocrx_word' id='word_1_127' title='bbox 1569 1053 1714 1096; x_wconf 87' lang='lat' dir='ltr'>immo</span> <span class='ocrx_word' id='word_1_128' title='bbox 1743 1042 1869 1108; x_wconf 85' lang='lat' dir='ltr'>sane,</span> <span class='ocrx_word' id='word_1_129' title='bbox 1886 1056 1931 1096; x_wconf 83' lang='lat'>&amp;</span> <span class='ocrx_word' id='word_1_130' title='bbox 1950 1065 2002 1095; x_wconf 84' lang='lat' dir='ltr'>ex</span> <span class='ocrx_word' id='word_1_131' title='bbox 2022 1045 2114 1096; x_wconf 91' lang='lat' dir='ltr'>hoc</span> <span class='ocrx_word' id='word_1_132' title='bbox 2140 1050 2314 1094; x_wconf 91' lang='lat' dir='ltr'>incom-</span> 
     </span>
     <span class='ocr_line' id='line_1_14' title="bbox 627 1113 2310 1187; baseline -0.004 -19"><span class='ocrx_word' id='word_1_133' title='bbox 627 1121 771 1168; x_wconf 87' lang='lat' dir='ltr'>modo</span> <span class='ocrx_word' id='word_1_134' title='bbox 786 1119 1033 1168; x_wconf 89' lang='lat' dir='ltr'>venustatis</span> <span class='ocrx_word' id='word_1_135' title='bbox 1051 1115 1228 1187; x_wconf 90' lang='lat' dir='ltr'>aliquid</span> <span class='ocrx_word' id='word_1_136' title='bbox 1253 1128 1297 1167; x_wconf 75' lang='grc' dir='ltr'>δε</span> <span class='ocrx_word' id='word_1_137' title='bbox 1313 1117 1550 1187; x_wconf 81' lang='lat' dir='ltr'>elegantiae</span> <span class='ocrx_word' id='word_1_138' title='bbox 1576 1121 1624 1165; x_wconf 92' lang='lat' dir='ltr'>in</span> <span class='ocrx_word' id='word_1_139' title='bbox 1651 1113 1746 1185; x_wconf 84' lang='lat' dir='ltr'>ipsa</span> <span class='ocrx_word' id='word_1_140' title='bbox 1770 1120 2042 1184; x_wconf 77' lang='lat' dir='ltr'>proueniet3</span> <span class='ocrx_word' id='word_1_141' title='bbox 2067 1113 2310 1184; x_wconf 86' lang='lat' dir='ltr'>perpendi-</span> 
     </span>
     <span class='ocr_line' id='line_1_15' title="bbox 625 1183 2316 1259; baseline -0.004 -21"><span class='ocrx_word' id='word_1_142' title='bbox 625 1188 782 1238; x_wconf 86' lang='lat' dir='ltr'>culum</span> <span class='ocrx_word' id='word_1_143' title='bbox 802 1194 939 1259; x_wconf 88' lang='lat' dir='ltr'>igitur</span> <span class='ocrx_word' id='word_1_144' title='bbox 960 1207 1013 1235; x_wconf 80' lang='lat' dir='ltr'>ex</span> <span class='ocrx_word' id='word_1_145' title='bbox 1031 1191 1338 1236; x_wconf 90' lang='lat' dir='ltr'>conuenienti</span> <span class='ocrx_word' id='word_1_146' title='bbox 1357 1186 1598 1237; x_wconf 89' lang='lat' dir='ltr'>interuallo</span> <span class='ocrx_word' id='word_1_147' title='bbox 1615 1186 1821 1235; x_wconf 88' lang='lat' dir='ltr'>statuitur</span> <span class='ocrx_word' id='word_1_148' title='bbox 1836 1190 1884 1233; x_wconf 92' lang='lat' dir='ltr'>in</span> <span class='ocrx_word' id='word_1_149' title='bbox 1903 1183 1927 1231; x_wconf 83' lang='lat' dir='ltr'><em>b</em></span> <span class='ocrx_word' id='word_1_150' title='bbox 1939 1203 1980 1242; x_wconf 91' lang='lat' dir='ltr'>c,</span> <span class='ocrx_word' id='word_1_151' title='bbox 2006 1193 2051 1234; x_wconf 67' lang='grc' dir='ltr'>ὃς</span> <span class='ocrx_word' id='word_1_152' title='bbox 2068 1203 2120 1232; x_wconf 84' lang='lat' dir='ltr'>ex</span> <span class='ocrx_word' id='word_1_153' title='bbox 2140 1189 2235 1233; x_wconf 90' lang='lat' dir='ltr'>eius</span> <span class='ocrx_word' id='word_1_154' title='bbox 2253 1183 2316 1231; x_wconf 84' lang='lat' dir='ltr'>di-</span> 
     </span>
     <span class='ocr_line' id='line_1_16' title="bbox 628 1250 2313 1326; baseline -0.004 -19"><span class='ocrx_word' id='word_1_155' title='bbox 628 1263 832 1307; x_wconf 67' lang='lat' dir='ltr'>retstione</span> <span class='ocrx_word' id='word_1_156' title='bbox 859 1275 938 1326; x_wconf 89' lang='lat' dir='ltr'>per</span> <span class='ocrx_word' id='word_1_157' title='bbox 965 1255 1096 1304; x_wconf 86' lang='lat' dir='ltr'>filum</span> <span class='ocrx_word' id='word_1_158' title='bbox 1124 1252 1393 1305; x_wconf 82' lang='lat' dir='ltr'>describitur</span> <span class='ocrx_word' id='word_1_159' title='bbox 1422 1255 1543 1304; x_wconf 90' lang='lat' dir='ltr'>linea</span> <span class='ocrx_word' id='word_1_160' title='bbox 1563 1275 1602 1302; x_wconf 86' lang='lat' dir='ltr'>m</span> <span class='ocrx_word' id='word_1_161' title='bbox 1619 1276 1644 1302; x_wconf 91' lang='lat' dir='ltr'>n</span> <span class='ocrx_word' id='word_1_162' title='bbox 1662 1291 1676 1310; x_wconf 90' lang='lat'>,</span> <span class='ocrx_word' id='word_1_163' title='bbox 1707 1260 1875 1303; x_wconf 85' lang='lat' dir='ltr'>caeteris</span> <span class='ocrx_word' id='word_1_164' title='bbox 1904 1252 2146 1323; x_wconf 86' lang='lat' dir='ltr'>parallela,</span> <span class='ocrx_word' id='word_1_165' title='bbox 2166 1250 2243 1302; x_wconf 90' lang='lat' dir='ltr'>sed</span> <span class='ocrx_word' id='word_1_166' title='bbox 2264 1257 2313 1300; x_wconf 91' lang='lat' dir='ltr'>in</span> 
     </span>
     <span class='ocr_line' id='line_1_17' title="bbox 631 1320 2312 1395; baseline -0.004 -20"><span class='ocrx_word' id='word_1_167' title='bbox 631 1327 770 1395; x_wconf 87' lang='lat' dir='ltr'>plano</span> <span class='ocrx_word' id='word_1_168' title='bbox 792 1331 970 1378; x_wconf 87' lang='lat' dir='ltr'><strong>SYZT</strong></span> <span class='ocrx_word' id='word_1_169' title='bbox 989 1353 1000 1385; x_wconf 79' lang='lat'><em>3</em></span> <span class='ocrx_word' id='word_1_170' title='bbox 1024 1322 1085 1374; x_wconf 85' lang='lat' dir='ltr'>sic</span> <span class='ocrx_word' id='word_1_171' title='bbox 1101 1343 1149 1372; x_wconf 90' lang='lat' dir='ltr'>vt</span> <span class='ocrx_word' id='word_1_172' title='bbox 1169 1323 1328 1373; x_wconf 79' lang='lat' dir='ltr'>Vltima</span> <span class='ocrx_word' id='word_1_173' title='bbox 1346 1325 1679 1393; x_wconf 85' lang='lat' dir='ltr'>quadratorum</span> <span class='ocrx_word' id='word_1_174' title='bbox 1697 1320 1828 1371; x_wconf 88' lang='lat' dir='ltr'>series</span> <span class='ocrx_word' id='word_1_175' title='bbox 1848 1322 2171 1392; x_wconf 79' lang='lat' dir='ltr'>perquadrata</span> <span class='ocrx_word' id='word_1_176' title='bbox 2227 1341 2312 1370; x_wconf 86' lang='lat' dir='ltr'>uo-</span> 
     </span>
     <span class='ocr_line' id='line_1_18' title="bbox 628 1340 2314 1464; baseline -0.003 -20"><span class='ocrx_word' id='word_1_177' title='bbox 628 1414 719 1464; x_wconf 91' lang='lat' dir='ltr'>que</span> <span class='ocrx_word' id='word_1_178' title='bbox 740 1393 1078 1464; x_wconf 64' lang='lat' dir='ltr'>repraesentetur</span> <span class='ocrx_word' id='word_1_179' title='bbox 1094 1398 1141 1440; x_wconf 88' lang='lat' dir='ltr'>in</span> <span class='ocrx_word' id='word_1_180' title='bbox 1158 1412 1231 1438; x_wconf 80' lang='lat' dir='ltr'>ma</span> <span class='ocrx_word' id='word_1_181' title='bbox 1246 1391 1328 1447; x_wconf 77' lang='lat' dir='ltr'>bn,</span> <span class='ocrx_word' id='word_1_182' title='bbox 1350 1404 1393 1443; x_wconf 65' lang='grc' dir='ltr'>ὃς</span> <span class='ocrx_word' id='word_1_183' title='bbox 1410 1411 1558 1461; x_wconf 87' lang='lat' dir='ltr'>partes</span> <span class='ocrx_word' id='word_1_184' title='bbox 1582 1396 1794 1461; x_wconf 82' lang='lat' dir='ltr'>imaginis</span> <span class='ocrx_word' id='word_1_185' title='bbox 1819 1391 1911 1441; x_wconf 91' lang='lat' dir='ltr'>hoc</span> <span class='ocrx_word' id='word_1_186' title='bbox 1930 1388 2072 1460; x_wconf 90' lang='lat' dir='ltr'>spatio</span> <span class='ocrx_word' id='word_1_187' title='bbox 2092 1340 2314 1440; x_wconf 52' lang='lat' dir='ltr'>conglusae</span> 
     </span>
     <span class='ocr_line' id='line_1_19' title="bbox 626 1459 2313 1533; baseline -0.003 -21"><span class='ocrx_word' id='word_1_188' title='bbox 626 1463 740 1512; x_wconf 88' lang='lat' dir='ltr'>nihil</span> <span class='ocrx_word' id='word_1_189' title='bbox 765 1469 944 1533; x_wconf 89' lang='lat' dir='ltr'>penitus</span> <span class='ocrx_word' id='word_1_190' title='bbox 961 1469 1225 1522; x_wconf 83' lang='lat' dir='ltr'>immutatae,</span> <span class='ocrx_word' id='word_1_191' title='bbox 1240 1459 1316 1510; x_wconf 91' lang='lat' dir='ltr'>sed</span> <span class='ocrx_word' id='word_1_192' title='bbox 1334 1461 1500 1511; x_wconf 84' lang='lat' dir='ltr'>similes</span> <span class='ocrx_word' id='word_1_193' title='bbox 1520 1468 1659 1511; x_wconf 90' lang='lat' dir='ltr'>etiam</span> <span class='ocrx_word' id='word_1_194' title='bbox 1676 1460 1971 1511; x_wconf 70' lang='lat' dir='ltr'>Geometrice</span> <span class='ocrx_word' id='word_1_195' title='bbox 1989 1479 2040 1508; x_wconf 82' lang='lat' dir='ltr'>ex</span> <span class='ocrx_word' id='word_1_196' title='bbox 2060 1478 2313 1529; x_wconf 90' lang='lat' dir='ltr'>prototypo</span> 
     </span>
     <span class='ocr_line' id='line_1_20' title="bbox 623 1526 2315 1601; baseline -0.002 -20"><span class='ocrx_word' id='word_1_197' title='bbox 623 1539 670 1581; x_wconf 88' lang='lat' dir='ltr'>in</span> <span class='ocrx_word' id='word_1_198' title='bbox 690 1534 865 1582; x_wconf 67' lang='lat' dir='ltr'>dic-stum</span> <span class='ocrx_word' id='word_1_199' title='bbox 900 1532 1088 1601; x_wconf 90' lang='lat' dir='ltr'>planum</span> <span class='ocrx_word' id='word_1_200' title='bbox 1114 1538 1139 1580; x_wconf 90' lang='lat' dir='ltr'>S</span> <span class='ocrx_word' id='word_1_201' title='bbox 1153 1536 1320 1593; x_wconf 93' lang='lat' dir='ltr'>VZT,</span> <span class='ocrx_word' id='word_1_202' title='bbox 1341 1528 1718 1593; x_wconf 83' lang='lat' dir='ltr'>transcribantur,</span> <span class='ocrx_word' id='word_1_203' title='bbox 1734 1535 1862 1579; x_wconf 90' lang='lat' dir='ltr'>cuius</span> <span class='ocrx_word' id='word_1_204' title='bbox 1889 1530 2219 1580; x_wconf 87' lang='lat' dir='ltr'>demonstratio</span> <span class='ocrx_word' id='word_1_205' title='bbox 2248 1526 2315 1577; x_wconf 87' lang='lat' dir='ltr'>sa-</span> 
     </span>
     <span class='ocr_line' id='line_1_21' title="bbox 624 1596 2314 1672; baseline -0.002 -21"><span class='ocrx_word' id='word_1_206' title='bbox 624 1608 678 1651; x_wconf 83' lang='lat' dir='ltr'>tis</span> <span class='ocrx_word' id='word_1_207' title='bbox 707 1621 832 1672; x_wconf 85' lang='lat' dir='ltr'>patet</span> <span class='ocrx_word' id='word_1_208' title='bbox 857 1619 910 1651; x_wconf 82' lang='lat' dir='ltr'>ex</span> <span class='ocrx_word' id='word_1_209' title='bbox 938 1598 1269 1670; x_wconf 88' lang='lat' dir='ltr'>superioribus:</span> <span class='ocrx_word' id='word_1_210' title='bbox 1292 1600 1402 1650; x_wconf 88' lang='lat' dir='ltr'>hinc</span> <span class='ocrx_word' id='word_1_211' title='bbox 1419 1618 1575 1650; x_wconf 88' lang='lat' dir='ltr'>autem</span> <span class='ocrx_word' id='word_1_212' title='bbox 1599 1598 1653 1649; x_wconf 90' lang='lat' dir='ltr'>fit</span> <span class='ocrx_word' id='word_1_213' title='bbox 1676 1619 1725 1649; x_wconf 91' lang='lat' dir='ltr'>vt</span> <span class='ocrx_word' id='word_1_214' title='bbox 1743 1599 1856 1648; x_wconf 89' lang='lat' dir='ltr'>dum</span> <span class='ocrx_word' id='word_1_215' title='bbox 1882 1606 1930 1649; x_wconf 91' lang='lat' dir='ltr'>in</span> <span class='ocrx_word' id='word_1_216' title='bbox 1959 1597 2142 1648; x_wconf 91' lang='lat' dir='ltr'>duobus</span> <span class='ocrx_word' id='word_1_217' title='bbox 2166 1596 2314 1668; x_wconf 83' lang='lat' dir='ltr'>planis</span> 
     </span>
     <span class='ocr_line' id='line_1_22' title="bbox 624 1662 2314 1742; baseline -0.003 -23"><span class='ocrx_word' id='word_1_218' title='bbox 624 1677 782 1742; x_wconf 84' lang='lat' dir='ltr'>imago</span> <span class='ocrx_word' id='word_1_219' title='bbox 812 1670 1080 1721; x_wconf 89' lang='lat' dir='ltr'>describitur</span> <span class='ocrx_word' id='word_1_220' title='bbox 1099 1710 1111 1731; x_wconf 90' lang='lat'>‚</span> <span class='ocrx_word' id='word_1_221' title='bbox 1136 1673 1277 1719; x_wconf 87' lang='lat' dir='ltr'>nimia</span> <span class='ocrx_word' id='word_1_222' title='bbox 1301 1665 1494 1719; x_wconf 83' lang='lat' dir='ltr'>fortaffis</span> <span class='ocrx_word' id='word_1_223' title='bbox 1524 1674 1788 1739; x_wconf 68' lang='lat' dir='ltr'>proiecfikurae</span> <span class='ocrx_word' id='word_1_224' title='bbox 1820 1667 2022 1719; x_wconf 81' lang='lat' dir='ltr'>extensio</span> <span class='ocrx_word' id='word_1_225' title='bbox 2050 1678 2094 1718; x_wconf 79' lang='grc' dir='ltr'>δε</span> <span class='ocrx_word' id='word_1_226' title='bbox 2114 1662 2314 1737; x_wconf 82' lang='lat' dir='ltr'>partium</span> 
     </span>
     <span class='ocr_line' id='line_1_23' title="bbox 625 1731 2312 1810; baseline -0.002 -23"><span class='ocrx_word' id='word_1_227' title='bbox 625 1739 742 1790; x_wconf 89' lang='lat' dir='ltr'>illius</span> <span class='ocrx_word' id='word_1_228' title='bbox 760 1740 822 1791; x_wconf 77' lang='lat' dir='ltr'>ab</span> <span class='ocrx_word' id='word_1_229' title='bbox 839 1738 978 1791; x_wconf 89' lang='lat' dir='ltr'>oculo</span> <span class='ocrx_word' id='word_1_230' title='bbox 1010 1743 1208 1787; x_wconf 90' lang='lat' dir='ltr'>remotio</span> <span class='ocrx_word' id='word_1_231' title='bbox 1227 1744 1393 1789; x_wconf 89' lang='lat' dir='ltr'>vitetur</span> <span class='ocrx_word' id='word_1_232' title='bbox 1412 1758 1512 1810; x_wconf 82' lang='lat' dir='ltr'>quae</span> <span class='ocrx_word' id='word_1_233' title='bbox 1540 1738 1765 1788; x_wconf 81' lang='lat' dir='ltr'>difficilius</span> <span class='ocrx_word' id='word_1_234' title='bbox 1793 1748 1838 1789; x_wconf 87' lang='lat'>&amp;</span> <span class='ocrx_word' id='word_1_235' title='bbox 1865 1733 2098 1789; x_wconf 81' lang='lat' dir='ltr'>confusius</span> <span class='ocrx_word' id='word_1_236' title='bbox 2126 1731 2312 1806; x_wconf 86' lang='lat' dir='ltr'>dignos-</span> 
     </span>
     <span class='ocr_line' id='line_1_24' title="bbox 629 1807 1136 1859; baseline -0.006 -1"><span class='ocrx_word' id='word_1_237' title='bbox 629 1811 827 1859; x_wconf 87' lang='lat' dir='ltr'>cendam</span> <span class='ocrx_word' id='word_1_238' title='bbox 851 1807 1136 1859; x_wconf 85' lang='lat' dir='ltr'>exhiberent.</span> 
     </span>
    </p>

    <p class='ocr_par' dir='ltr' id='par_1_3' title="bbox 625 1874 2314 2434">
     <span class='ocr_line' id='line_1_25' title="bbox 695 1874 2314 1948; baseline -0.003 -20"><span class='ocrx_word' id='word_1_239' title='bbox 695 1885 791 1928; x_wconf 90' lang='lat' dir='ltr'>Iam</span> <span class='ocrx_word' id='word_1_240' title='bbox 810 1897 920 1928; x_wconf 89' lang='lat' dir='ltr'>vero</span> <span class='ocrx_word' id='word_1_241' title='bbox 941 1879 1088 1926; x_wconf 63' lang='lat' dir='ltr'>ducitis</span> <span class='ocrx_word' id='word_1_242' title='bbox 1108 1881 1156 1924; x_wconf 91' lang='lat' dir='ltr'>in</span> <span class='ocrx_word' id='word_1_243' title='bbox 1175 1876 1300 1927; x_wconf 89' lang='lat' dir='ltr'>hunc</span> <span class='ocrx_word' id='word_1_244' title='bbox 1317 1877 1515 1927; x_wconf 90' lang='lat' dir='ltr'>modum</span> <span class='ocrx_word' id='word_1_245' title='bbox 1529 1876 1717 1948; x_wconf 84' lang='lat' dir='ltr'>singulis</span> <span class='ocrx_word' id='word_1_246' title='bbox 1734 1874 1960 1927; x_wconf 72' lang='lat' dir='ltr'>craticulae</span> <span class='ocrx_word' id='word_1_247' title='bbox 1985 1876 2116 1926; x_wconf 88' lang='lat' dir='ltr'>lineis</span> <span class='ocrx_word' id='word_1_248' title='bbox 2129 1917 2141 1938; x_wconf 87' lang='lat'>‚</span> <span class='ocrx_word' id='word_1_249' title='bbox 2161 1891 2314 1946; x_wconf 84' lang='lat' dir='ltr'>partes</span> 
     </span>
     <span class='ocr_line' id='line_1_26' title="bbox 625 1941 2313 2018; baseline -0.002 -22"><span class='ocrx_word' id='word_1_250' title='bbox 625 1952 837 2018; x_wconf 84' lang='lat' dir='ltr'>imaginis</span> <span class='ocrx_word' id='word_1_251' title='bbox 858 1948 970 1997; x_wconf 82' lang='lat' dir='ltr'>datae</span> <span class='ocrx_word' id='word_1_252' title='bbox 990 1953 1022 1996; x_wconf 92' lang='lat' dir='ltr'>B</span> <span class='ocrx_word' id='word_1_253' title='bbox 1036 1950 1202 2009; x_wconf 88' lang='lat' dir='ltr'>CDE,</span> <span class='ocrx_word' id='word_1_254' title='bbox 1222 1966 1275 1995; x_wconf 86' lang='lat' dir='ltr'>ex</span> <span class='ocrx_word' id='word_1_255' title='bbox 1296 1946 1554 1997; x_wconf 89' lang='lat' dir='ltr'>minoribus</span> <span class='ocrx_word' id='word_1_256' title='bbox 1578 1947 1811 2017; x_wconf 89' lang='lat' dir='ltr'>quadratis</span> <span class='ocrx_word' id='word_1_257' title='bbox 1828 1951 1877 1994; x_wconf 93' lang='lat' dir='ltr'>in</span> <span class='ocrx_word' id='word_1_258' title='bbox 1895 1946 2068 1995; x_wconf 88' lang='lat' dir='ltr'>areolas</span> <span class='ocrx_word' id='word_1_259' title='bbox 2093 1941 2313 1995; x_wconf 78' lang='lat' dir='ltr'>homolo-</span> 
     </span>
     <span class='ocr_line' id='line_1_27' title="bbox 627 2013 2314 2087; baseline -0.002 -22"><span class='ocrx_word' id='word_1_260' title='bbox 627 2027 704 2086; x_wconf 79' lang='lat' dir='ltr'>gas</span> <span class='ocrx_word' id='word_1_261' title='bbox 738 2015 1148 2087; x_wconf 84' lang='lat' dir='ltr'>proportionaliter</span> <span class='ocrx_word' id='word_1_262' title='bbox 1176 2014 1525 2078; x_wconf 88' lang='lat' dir='ltr'>transferantur,</span> <span class='ocrx_word' id='word_1_263' title='bbox 1541 2035 1590 2065; x_wconf 91' lang='lat' dir='ltr'>vt</span> <span class='ocrx_word' id='word_1_264' title='bbox 1613 2014 1914 2085; x_wconf 87' lang='lat' dir='ltr'>praescribitur</span> <span class='ocrx_word' id='word_1_265' title='bbox 1941 2020 1990 2063; x_wconf 94' lang='lat' dir='ltr'>in</span> <span class='ocrx_word' id='word_1_266' title='bbox 2017 2020 2149 2065; x_wconf 92' lang='lat' dir='ltr'>tertia</span> <span class='ocrx_word' id='word_1_267' title='bbox 2176 2013 2314 2062; x_wconf 79' lang='lat' dir='ltr'>huius</span> 
     </span>
     <span class='ocr_line' id='line_1_28' title="bbox 625 2082 2314 2156; baseline -0.002 -22"><span class='ocrx_word' id='word_1_268' title='bbox 625 2085 940 2156; x_wconf 86' lang='lat' dir='ltr'>propositione</span> <span class='ocrx_word' id='word_1_269' title='bbox 962 2114 972 2147; x_wconf 87' lang='lat'>·‚</span> <span class='ocrx_word' id='word_1_270' title='bbox 994 2084 1163 2155; x_wconf 88' lang='lat' dir='ltr'>quibus</span> <span class='ocrx_word' id='word_1_271' title='bbox 1190 2082 1429 2139; x_wconf 88' lang='lat' dir='ltr'>absolutis,</span> <span class='ocrx_word' id='word_1_272' title='bbox 1449 2085 1543 2155; x_wconf 91' lang='lat' dir='ltr'>ipsa</span> <span class='ocrx_word' id='word_1_273' title='bbox 1571 2090 1624 2134; x_wconf 85' lang='lat' dir='ltr'>in</span> <span class='ocrx_word' id='word_1_274' title='bbox 1643 2090 1815 2154; x_wconf 89' lang='lat' dir='ltr'>pariete</span> <span class='ocrx_word' id='word_1_275' title='bbox 1843 2088 2037 2135; x_wconf 92' lang='lat' dir='ltr'><strong>VXYZ</strong></span> <span class='ocrx_word' id='word_1_276' title='bbox 2053 2124 2066 2145; x_wconf 92' lang='lat'>,</span> <span class='ocrx_word' id='word_1_277' title='bbox 2083 2083 2314 2133; x_wconf 85' lang='lat' dir='ltr'>delineata</span> 
     </span>
     <span class='ocr_line' id='line_1_29' title="bbox 626 2151 2311 2226; baseline -0.004 -21"><span class='ocrx_word' id='word_1_278' title='bbox 626 2160 885 2224; x_wconf 64' lang='lat' dir='ltr'>proiecstura</span> <span class='ocrx_word' id='word_1_279' title='bbox 902 2156 925 2204; x_wconf 76' lang='grc' dir='ltr'>ἐ</span> <span class='ocrx_word' id='word_1_280' title='bbox 940 2159 1114 2226; x_wconf 69' lang='grc' dir='ltr'><em>Ρωιᾶὶο</em></span> <span class='ocrx_word' id='word_1_281' title='bbox 1130 2157 1192 2216; x_wconf 91' lang='lat' dir='ltr'>A,</span> <span class='ocrx_word' id='word_1_282' title='bbox 1206 2153 1285 2203; x_wconf 87' lang='lat' dir='ltr'>vbi</span> <span class='ocrx_word' id='word_1_283' title='bbox 1306 2155 1466 2206; x_wconf 91' lang='lat' dir='ltr'>oculus</span> <span class='ocrx_word' id='word_1_284' title='bbox 1485 2158 1704 2204; x_wconf 88' lang='lat' dir='ltr'>intuentis</span> <span class='ocrx_word' id='word_1_285' title='bbox 1716 2152 1987 2224; x_wconf 87' lang='lat' dir='ltr'>supponitur</span> <span class='ocrx_word' id='word_1_286' title='bbox 1998 2151 2174 2215; x_wconf 83' lang='lat' dir='ltr'>,similis</span> <span class='ocrx_word' id='word_1_287' title='bbox 2189 2170 2311 2221; x_wconf 89' lang='lat' dir='ltr'>pror-</span> 
     </span>
     <span class='ocr_line' id='line_1_30' title="bbox 625 2219 2312 2294; baseline -0.002 -22"><span class='ocrx_word' id='word_1_288' title='bbox 625 2225 692 2273; x_wconf 76' lang='lat' dir='ltr'>sus</span> <span class='ocrx_word' id='word_1_289' title='bbox 709 2225 941 2275; x_wconf 88' lang='lat' dir='ltr'>videbitur</span> <span class='ocrx_word' id='word_1_290' title='bbox 958 2228 1149 2294; x_wconf 69' lang='lat' dir='ltr'>imagini</span> <span class='ocrx_word' id='word_1_291' title='bbox 1171 2242 1438 2293; x_wconf 84' lang='lat' dir='ltr'>prototypae-</span> <span class='ocrx_word' id='word_1_292' title='bbox 1449 2231 1482 2273; x_wconf 93' lang='lat' dir='ltr'><strong>B</strong></span> <span class='ocrx_word' id='word_1_293' title='bbox 1498 2231 1538 2274; x_wconf 87' lang='lat' dir='ltr'>C</span> <span class='ocrx_word' id='word_1_294' title='bbox 1550 2230 1594 2274; x_wconf 95' lang='lat' dir='ltr'>D</span> <span class='ocrx_word' id='word_1_295' title='bbox 1609 2229 1644 2272; x_wconf 91' lang='lat' dir='ltr'><strong>E</strong></span> <span class='ocrx_word' id='word_1_296' title='bbox 1658 2265 1671 2284; x_wconf 88' lang='lat'>,</span> <span class='ocrx_word' id='word_1_297' title='bbox 1690 2224 1821 2294; x_wconf 90' lang='lat' dir='ltr'>quod</span> <span class='ocrx_word' id='word_1_298' title='bbox 1842 2223 2046 2292; x_wconf 83' lang='lat' dir='ltr'>praestare</span> <span class='ocrx_word' id='word_1_299' title='bbox 2060 2219 2312 2293; x_wconf 73' lang='lat' dir='ltr'>oportebat</span> 
     </span>
     <span class='ocr_line' id='line_1_31' title="bbox 627 2287 2313 2363; baseline -0.005 -19"><span class='ocrx_word' id='word_1_300' title='bbox 627 2306 671 2344; x_wconf 70' lang='grc' dir='ltr'>ὅ(</span> <span class='ocrx_word' id='word_1_301' title='bbox 688 2290 1260 2344; x_wconf 73' lang='lat' dir='ltr'>facillime&#39;demonstratur</span> <span class='ocrx_word' id='word_1_302' title='bbox 1273 2312 1325 2342; x_wconf 79' lang='lat' dir='ltr'>ex</span> <span class='ocrx_word' id='word_1_303' title='bbox 1347 2299 1493 2363; x_wconf 86' lang='lat' dir='ltr'>prima</span> <span class='ocrx_word' id='word_1_304' title='bbox 1510 2305 1555 2344; x_wconf 87' lang='lat'>&amp;</span> <span class='ocrx_word' id='word_1_305' title='bbox 1583 2298 1716 2342; x_wconf 91' lang='lat' dir='ltr'>tertia</span> <span class='ocrx_word' id='word_1_306' title='bbox 1743 2293 1876 2343; x_wconf 90' lang='lat' dir='ltr'>huius</span> <span class='ocrx_word' id='word_1_307' title='bbox 1902 2289 2008 2341; x_wconf 75' lang='lat' dir='ltr'>libri</span> <span class='ocrx_word' id='word_1_308' title='bbox 2034 2287 2313 2362; x_wconf 79' lang='lat' dir='ltr'>propositio-</span> 
     </span>
     <span class='ocr_line' id='line_1_32' title="bbox 626 2360 2261 2434; baseline -0.001 -23"><span class='ocrx_word' id='word_1_309' title='bbox 626 2362 783 2426; x_wconf 83' lang='lat' dir='ltr'>nibus,</span> <span class='ocrx_word' id='word_1_310' title='bbox 802 2375 846 2414; x_wconf 87' lang='lat'>&amp;</span> <span class='ocrx_word' id='word_1_311' title='bbox 864 2364 1060 2434; x_wconf 86' lang='lat' dir='ltr'>amplius</span> <span class='ocrx_word' id='word_1_312' title='bbox 1083 2368 1223 2412; x_wconf 90' lang='lat' dir='ltr'>etiam</span> <span class='ocrx_word' id='word_1_313' title='bbox 1245 2382 1298 2411; x_wconf 87' lang='lat' dir='ltr'>ex</span> <span class='ocrx_word' id='word_1_314' title='bbox 1315 2363 1520 2413; x_wconf 90' lang='lat' dir='ltr'>dicendis</span> <span class='ocrx_word' id='word_1_315' title='bbox 1542 2360 1734 2432; x_wconf 87' lang='lat' dir='ltr'>patebit.</span> <span class='ocrx_word' id='word_1_316' title='bbox 2250 2379 2261 2387; x_wconf 87' lang='lat'>·</span> 
     </span>
    </p>

    <p class='ocr_par' dir='ltr' id='par_1_4' title="bbox 619 2425 2348 3056">
     <span class='ocr_line' id='line_1_33' title="bbox 690 2425 2317 2503; baseline -0.001 -22"><span class='ocrx_word' id='word_1_317' title='bbox 690 2438 747 2482; x_wconf 83' lang='lat' dir='ltr'>Et</span> <span class='ocrx_word' id='word_1_318' title='bbox 776 2434 870 2483; x_wconf 84' lang='lat' dir='ltr'>haec</span> <span class='ocrx_word' id='word_1_319' title='bbox 903 2435 1095 2503; x_wconf 86' lang='lat' dir='ltr'>quidem</span> <span class='ocrx_word' id='word_1_320' title='bbox 1114 2438 1204 2481; x_wconf 90' lang='lat' dir='ltr'>iam</span> <span class='ocrx_word' id='word_1_321' title='bbox 1229 2434 1393 2482; x_wconf 87' lang='lat' dir='ltr'>tradita</span> <span class='ocrx_word' id='word_1_322' title='bbox 1408 2432 1658 2481; x_wconf 90' lang='lat' dir='ltr'>methodus</span> <span class='ocrx_word' id='word_1_323' title='bbox 1678 2430 2007 2501; x_wconf 82' lang='lat' dir='ltr'>expeditiffima</span> <span class='ocrx_word' id='word_1_324' title='bbox 2023 2430 2109 2493; x_wconf 87' lang='lat' dir='ltr'>est,</span> <span class='ocrx_word' id='word_1_325' title='bbox 2125 2425 2317 2482; x_wconf 76' lang='lat' dir='ltr'>certiff-&#39;</span> 
     </span>
     <span class='ocr_line' id='line_1_34' title="bbox 619 2498 2313 2572; baseline -0.002 -23"><span class='ocrx_word' id='word_1_326' title='bbox 619 2517 791 2572; x_wconf 80' lang='lat' dir='ltr'>maque</span> <span class='ocrx_word' id='word_1_327' title='bbox 811 2523 918 2553; x_wconf 91' lang='lat' dir='ltr'>meo</span> <span class='ocrx_word' id='word_1_328' title='bbox 938 2504 1111 2553; x_wconf 89' lang='lat' dir='ltr'>iudicio</span> <span class='ocrx_word' id='word_1_329' title='bbox 1132 2521 1216 2571; x_wconf 88' lang='lat' dir='ltr'>pro</span> <span class='ocrx_word' id='word_1_330' title='bbox 1247 2501 1537 2551; x_wconf 89' lang='lat' dir='ltr'>traducendis</span> <span class='ocrx_word' id='word_1_331' title='bbox 1562 2520 1615 2549; x_wconf 82' lang='lat' dir='ltr'>ex</span> <span class='ocrx_word' id='word_1_332' title='bbox 1649 2498 1849 2570; x_wconf 88' lang='lat' dir='ltr'>obliquo</span> <span class='ocrx_word' id='word_1_333' title='bbox 1876 2499 2059 2569; x_wconf 68' lang='lat' dir='ltr'>aspestu</span> <span class='ocrx_word' id='word_1_334' title='bbox 2080 2507 2129 2549; x_wconf 91' lang='lat' dir='ltr'>in</span> <span class='ocrx_word' id='word_1_335' title='bbox 2155 2501 2313 2570; x_wconf 85' lang='lat' dir='ltr'>planas</span> 
     </span>
     <span class='ocr_line' id='line_1_35' title="bbox 622 2564 2314 2641; baseline -0.002 -22"><span class='ocrx_word' id='word_1_336' title='bbox 622 2568 879 2640; x_wconf 76' lang='lat' dir='ltr'>fiiperficies</span> <span class='ocrx_word' id='word_1_337' title='bbox 909 2569 1190 2641; x_wconf 85' lang='lat' dir='ltr'>imaginibus</span> <span class='ocrx_word' id='word_1_338' title='bbox 1211 2592 1220 2620; x_wconf 92' lang='lat'>:</span> <span class='ocrx_word' id='word_1_339' title='bbox 1242 2569 1319 2620; x_wconf 91' lang='lat' dir='ltr'>sed</span> <span class='ocrx_word' id='word_1_340' title='bbox 1348 2582 1392 2622; x_wconf 76' lang='grc' dir='ltr'>δε</span> <span class='ocrx_word' id='word_1_341' title='bbox 1425 2567 1713 2639; x_wconf 87' lang='lat' dir='ltr'>propositum</span> <span class='ocrx_word' id='word_1_342' title='bbox 1737 2567 1875 2619; x_wconf 86' lang='lat' dir='ltr'>nobis</span> <span class='ocrx_word' id='word_1_343' title='bbox 1902 2570 1968 2618; x_wconf 88' lang='lat' dir='ltr'>est</span> <span class='ocrx_word' id='word_1_344' title='bbox 1992 2569 2189 2618; x_wconf 90' lang='lat' dir='ltr'>modum</span> <span class='ocrx_word' id='word_1_345' title='bbox 2212 2564 2314 2616; x_wconf 83' lang='lat' dir='ltr'>affi-</span> 
     </span>
     <span class='ocr_line' id='line_1_36' title="bbox 625 2637 2313 2709; baseline -0.003 -20"><span class='ocrx_word' id='word_1_346' title='bbox 625 2659 765 2708; x_wconf 74' lang='lat' dir='ltr'>gnare</span> <span class='ocrx_word' id='word_1_347' title='bbox 784 2640 1083 2690; x_wconf 85' lang='lat' dir='ltr'>vniuersalem</span> <span class='ocrx_word' id='word_1_348' title='bbox 1103 2659 1200 2709; x_wconf 88' lang='lat' dir='ltr'>quo</span> <span class='ocrx_word' id='word_1_349' title='bbox 1219 2639 1387 2709; x_wconf 84' lang='lat' dir='ltr'>poffint</span> <span class='ocrx_word' id='word_1_350' title='bbox 1415 2638 1600 2688; x_wconf 55' lang='lat' dir='ltr'>obieeta</span> <span class='ocrx_word' id='word_1_351' title='bbox 1628 2644 1676 2687; x_wconf 90' lang='lat' dir='ltr'>in</span> <span class='ocrx_word' id='word_1_352' title='bbox 1697 2637 1960 2707; x_wconf 81' lang='lat' dir='ltr'>oppositam</span> <span class='ocrx_word' id='word_1_353' title='bbox 1979 2652 2313 2708; x_wconf 89' lang='lat' dir='ltr'>quamcunque</span> 
     </span>
     <span class='ocr_line' id='line_1_37' title="bbox 627 2705 2313 2780; baseline -0.003 -22"><span class='ocrx_word' id='word_1_354' title='bbox 627 2707 911 2779; x_wconf 71' lang='lat' dir='ltr'>superficiem</span> <span class='ocrx_word' id='word_1_355' title='bbox 937 2710 1143 2780; x_wconf 89' lang='lat' dir='ltr'>planam,</span> <span class='ocrx_word' id='word_1_356' title='bbox 1164 2728 1352 2760; x_wconf 89' lang='lat' dir='ltr'>curuam</span> <span class='ocrx_word' id='word_1_357' title='bbox 1365 2751 1377 2771; x_wconf 92' lang='lat'>‚</span> <span class='ocrx_word' id='word_1_358' title='bbox 1405 2707 1630 2777; x_wconf 87' lang='lat' dir='ltr'>asperam,</span> <span class='ocrx_word' id='word_1_359' title='bbox 1648 2705 1912 2757; x_wconf 87' lang='lat' dir='ltr'>lacunosam</span> <span class='ocrx_word' id='word_1_360' title='bbox 1926 2749 1939 2770; x_wconf 92' lang='lat'>,</span> <span class='ocrx_word' id='word_1_361' title='bbox 1959 2705 2233 2766; x_wconf 65' lang='lat' dir='ltr'>anstacstam,</span> <span class='ocrx_word' id='word_1_362' title='bbox 2253 2708 2313 2753; x_wconf 82' lang='lat' dir='ltr'>ir—</span> 
     </span>
     <span class='ocr_line' id='line_1_38' title="bbox 626 2774 2313 2848; baseline -0.002 -22"><span class='ocrx_word' id='word_1_363' title='bbox 626 2780 906 2848; x_wconf 82' lang='lat' dir='ltr'>regularem,</span> <span class='ocrx_word' id='word_1_364' title='bbox 924 2777 1152 2830; x_wconf 87' lang='lat' dir='ltr'>mobilem</span> <span class='ocrx_word' id='word_1_365' title='bbox 1173 2789 1218 2830; x_wconf 87' lang='lat'>&amp;</span> <span class='ocrx_word' id='word_1_366' title='bbox 1235 2777 1529 2828; x_wconf 88' lang='lat' dir='ltr'>immobilem</span> <span class='ocrx_word' id='word_1_367' title='bbox 1552 2797 1605 2826; x_wconf 85' lang='lat' dir='ltr'>ex</span> <span class='ocrx_word' id='word_1_368' title='bbox 1621 2774 1960 2848; x_wconf 86' lang='lat' dir='ltr'>scenographiae</span> <span class='ocrx_word' id='word_1_369' title='bbox 1982 2774 2166 2846; x_wconf 84' lang='lat' dir='ltr'>legibus</span> <span class='ocrx_word' id='word_1_370' title='bbox 2180 2778 2313 2844; x_wconf 85' lang='lat' dir='ltr'>proii-</span> 
     </span>
     <span class='ocr_line' id='line_1_39' title="bbox 625 2845 2311 2919; baseline -0.002 -24"><span class='ocrx_word' id='word_1_371' title='bbox 625 2853 669 2896; x_wconf 87' lang='lat' dir='ltr'>ci</span> <span class='ocrx_word' id='word_1_372' title='bbox 687 2859 731 2898; x_wconf 71' lang='grc' dir='ltr'>δε</span> <span class='ocrx_word' id='word_1_373' title='bbox 750 2846 1029 2919; x_wconf 79' lang='lat' dir='ltr'>consignari,</span> <span class='ocrx_word' id='word_1_374' title='bbox 1058 2850 1188 2917; x_wconf 87' lang='lat' dir='ltr'>quod</span> <span class='ocrx_word' id='word_1_375' title='bbox 1203 2866 1252 2898; x_wconf 90' lang='lat' dir='ltr'>vt</span> <span class='ocrx_word' id='word_1_376' title='bbox 1273 2846 1413 2897; x_wconf 86' lang='lat' dir='ltr'>discas</span> <span class='ocrx_word' id='word_1_377' title='bbox 1433 2858 1477 2897; x_wconf 87' lang='lat'><strong>&amp;</strong></span> <span class='ocrx_word' id='word_1_378' title='bbox 1496 2845 1582 2896; x_wconf 63' lang='lat' dir='ltr'>rite)</span> <span class='ocrx_word' id='word_1_379' title='bbox 1615 2850 1836 2916; x_wconf 82' lang='lat' dir='ltr'>percipias</span> <span class='ocrx_word' id='word_1_380' title='bbox 1850 2887 1862 2907; x_wconf 89' lang='lat'>‚</span> <span class='ocrx_word' id='word_1_381' title='bbox 1880 2851 2057 2895; x_wconf 89' lang='lat' dir='ltr'>intuere</span> <span class='ocrx_word' id='word_1_382' title='bbox 2081 2845 2235 2892; x_wconf 90' lang='lat' dir='ltr'>denuo</span> <span class='ocrx_word' id='word_1_383' title='bbox 2262 2847 2311 2891; x_wconf 89' lang='lat' dir='ltr'>in</span> 
     </span>
     <span class='ocr_line' id='line_1_40' title="bbox 624 2914 2348 2988; baseline -0.003 -23"><span class='ocrx_word' id='word_1_384' title='bbox 624 2914 856 2967; x_wconf 86' lang='lat' dir='ltr'>schemate</span> <span class='ocrx_word' id='word_1_385' title='bbox 871 2924 1054 2988; x_wconf 84' lang='lat' dir='ltr'>integro</span> <span class='ocrx_word' id='word_1_386' title='bbox 1070 2917 1190 2968; x_wconf 89' lang='lat' dir='ltr'>Tab.</span> <span class='ocrx_word' id='word_1_387' title='bbox 1217 2939 1251 2980; x_wconf 82' lang='lat'>33</span> <span class='ocrx_word' id='word_1_388' title='bbox 1267 2916 1494 2967; x_wconf 87' lang='lat' dir='ltr'>artificem</span> <span class='ocrx_word' id='word_1_389' title='bbox 1508 2916 1716 2965; x_wconf 90' lang='lat' dir='ltr'>nostrum</span> <span class='ocrx_word' id='word_1_390' title='bbox 1738 2933 1790 2964; x_wconf 83' lang='lat' dir='ltr'>ex</span> <span class='ocrx_word' id='word_1_391' title='bbox 1807 2914 1893 2964; x_wconf 67' lang='lat' dir='ltr'>aha</span> <span class='ocrx_word' id='word_1_392' title='bbox 1909 2914 2139 2965; x_wconf 88' lang='lat' dir='ltr'>methodo</span> <span class='ocrx_word' id='word_1_393' title='bbox 2157 2923 2201 2963; x_wconf 61' lang='grc' dir='ltr'>ὃς</span> <span class='ocrx_word' id='word_1_394' title='bbox 2221 2930 2313 2977; x_wconf 53' lang='grc' dir='ltr'>ιῃειμΙ</span> <span class='ocrx_word' id='word_1_395' title='bbox 2344 2940 2348 2944; x_wconf 92' lang='grc'><strong>-</strong></span> 
     </span>
     <span class='ocr_line' id='line_1_41' title="bbox 629 2985 1346 3056; baseline -0.003 -22"><span class='ocrx_word' id='word_1_396' title='bbox 629 2990 697 3055; x_wconf 82' lang='lat' dir='ltr'>gis</span> <span class='ocrx_word' id='word_1_397' title='bbox 715 2985 953 3036; x_wconf 86' lang='lat' dir='ltr'>vniuersali</span> <span class='ocrx_word' id='word_1_398' title='bbox 970 3005 1255 3056; x_wconf 88' lang='lat' dir='ltr'>operantem.</span> <span class='ocrx_word' id='word_1_399' title='bbox 1342 3030 1346 3032; x_wconf 74' lang='grc'>,</span> 
     </span>
    </p>

    <p class='ocr_par' dir='ltr' id='par_1_5' title="bbox 625 3051 2311 3400">
     <span class='ocr_line' id='line_1_42' title="bbox 693 3051 2311 3126; baseline -0.004 -22"><span class='ocrx_word' id='word_1_400' title='bbox 693 3060 749 3105; x_wconf 89' lang='lat' dir='ltr'>Et</span> <span class='ocrx_word' id='word_1_401' title='bbox 769 3061 918 3125; x_wconf 88' lang='lat' dir='ltr'>primo</span> <span class='ocrx_word' id='word_1_402' title='bbox 938 3056 1130 3126; x_wconf 89' lang='lat' dir='ltr'>quidem</span> <span class='ocrx_word' id='word_1_403' title='bbox 1154 3054 1298 3105; x_wconf 89' lang='lat' dir='ltr'>habet</span> <span class='ocrx_word' id='word_1_404' title='bbox 1315 3052 1447 3104; x_wconf 86' lang='lat' dir='ltr'>filum</span> <span class='ocrx_word' id='word_1_405' title='bbox 1465 3054 1638 3104; x_wconf 87' lang='lat' dir='ltr'>annulo</span> <span class='ocrx_word' id='word_1_406' title='bbox 1661 3051 1756 3102; x_wconf 86' lang='lat' dir='ltr'>siue</span> <span class='ocrx_word' id='word_1_407' title='bbox 1772 3052 2000 3103; x_wconf 86' lang='lat' dir='ltr'>clauiculo</span> <span class='ocrx_word' id='word_1_408' title='bbox 2013 3068 2244 3117; x_wconf 78' lang='lat' dir='ltr'>annexum</span> <span class='ocrx_word' id='word_1_409' title='bbox 2261 3053 2311 3097; x_wconf 85' lang='lat' dir='ltr'>in</span> 
     </span>
     <span class='ocr_line' id='line_1_43' title="bbox 625 3120 2311 3193; baseline -0.003 -22"><span class='ocrx_word' id='word_1_410' title='bbox 625 3130 798 3191; x_wconf 75' lang='lat' dir='ltr'>punCto</span> <span class='ocrx_word' id='word_1_411' title='bbox 819 3128 861 3175; x_wconf 83' lang='lat' dir='ltr'>A</span> <span class='ocrx_word' id='word_1_412' title='bbox 874 3167 886 3187; x_wconf 87' lang='lat'>,</span> <span class='ocrx_word' id='word_1_413' title='bbox 902 3123 981 3174; x_wconf 87' lang='lat' dir='ltr'>vbi</span> <span class='ocrx_word' id='word_1_414' title='bbox 997 3122 1320 3193; x_wconf 89' lang='lat' dir='ltr'>conspicientis</span> <span class='ocrx_word' id='word_1_415' title='bbox 1345 3123 1506 3172; x_wconf 87' lang='lat' dir='ltr'>oculus</span> <span class='ocrx_word' id='word_1_416' title='bbox 1535 3120 1824 3193; x_wconf 87' lang='lat' dir='ltr'>supponitur,</span> <span class='ocrx_word' id='word_1_417' title='bbox 1847 3132 1891 3172; x_wconf 69' lang='grc' dir='ltr'>δε</span> <span class='ocrx_word' id='word_1_418' title='bbox 1908 3121 2114 3172; x_wconf 82' lang='lat' dir='ltr'>similiter</span> <span class='ocrx_word' id='word_1_419' title='bbox 2135 3125 2311 3190; x_wconf 88' lang='lat' dir='ltr'>virgam</span> 
     </span>
     <span class='ocr_line' id='line_1_44' title="bbox 626 3190 2309 3263; baseline -0.007 -17"><span class='ocrx_word' id='word_1_420' title='bbox 626 3193 663 3237; x_wconf 68' lang='lat' dir='ltr'>z&#39;l</span> <span class='ocrx_word' id='word_1_421' title='bbox 671 3230 684 3246; x_wconf 82' lang='lat'><em>,</em></span> <span class='ocrx_word' id='word_1_422' title='bbox 702 3195 761 3242; x_wconf 93' lang='lat' dir='ltr'>ad</span> <span class='ocrx_word' id='word_1_423' title='bbox 777 3199 928 3244; x_wconf 62' lang='lat' dir='ltr'>redtos</span> <span class='ocrx_word' id='word_1_424' title='bbox 942 3192 1138 3263; x_wconf 84' lang='lat' dir='ltr'>angulos</span> <span class='ocrx_word' id='word_1_425' title='bbox 1157 3191 1346 3241; x_wconf 85' lang='lat' dir='ltr'>infixam</span> <span class='ocrx_word' id='word_1_426' title='bbox 1372 3197 1532 3260; x_wconf 88' lang='lat' dir='ltr'>parieti</span> <span class='ocrx_word' id='word_1_427' title='bbox 1552 3193 1854 3242; x_wconf 84' lang='lat' dir='ltr'>delineatorio</span> <span class='ocrx_word' id='word_1_428' title='bbox 1871 3190 1953 3241; x_wconf 88' lang='lat' dir='ltr'>vbi</span> <span class='ocrx_word' id='word_1_429' title='bbox 1973 3191 2072 3242; x_wconf 80' lang='lat' dir='ltr'>vult</span> <span class='ocrx_word' id='word_1_430' title='bbox 2096 3192 2309 3260; x_wconf 86' lang='lat' dir='ltr'>imaginis</span> 
     </span>
     <span class='ocr_line' id='line_1_45' title="bbox 628 3253 2310 3331; baseline -0.004 -21"><span class='ocrx_word' id='word_1_431' title='bbox 628 3262 738 3311; x_wconf 85' lang='lat' dir='ltr'>datae</span> <span class='ocrx_word' id='word_1_432' title='bbox 762 3268 1098 3331; x_wconf 58' lang='lat' dir='ltr'>proieffionem</span> <span class='ocrx_word' id='word_1_433' title='bbox 1118 3266 1344 3330; x_wconf 86' lang='lat' dir='ltr'>incipere,</span> <span class='ocrx_word' id='word_1_434' title='bbox 1363 3267 1438 3310; x_wconf 90' lang='lat' dir='ltr'>cui</span> <span class='ocrx_word' id='word_1_435' title='bbox 1458 3266 1598 3310; x_wconf 86' lang='lat' dir='ltr'>etiam</span> <span class='ocrx_word' id='word_1_436' title='bbox 1613 3269 1750 3330; x_wconf 83' lang='lat' dir='ltr'>virgae</span> <span class='ocrx_word' id='word_1_437' title='bbox 1776 3260 1900 3309; x_wconf 89' lang='lat' dir='ltr'>aliud</span> <span class='ocrx_word' id='word_1_438' title='bbox 1920 3260 2052 3312; x_wconf 88' lang='lat' dir='ltr'>filum</span> <span class='ocrx_word' id='word_1_439' title='bbox 2076 3275 2213 3309; x_wconf 83' lang='lat' dir='ltr'>tenue</span> <span class='ocrx_word' id='word_1_440' title='bbox 2240 3253 2310 3314; x_wconf 84' lang='lat' dir='ltr'>bc,</span> 
     </span>
     <span class='ocr_line' id='line_1_46' title="bbox 625 3325 2310 3400; baseline -0.001 -18"><span class='ocrx_word' id='word_1_441' title='bbox 625 3332 900 3397; x_wconf 80' lang='lat' dir='ltr'>appenditur</span> <span class='ocrx_word' id='word_1_442' title='bbox 917 3350 1025 3384; x_wconf 91' lang='lat' dir='ltr'>cum</span> <span class='ocrx_word' id='word_1_443' title='bbox 1043 3331 1248 3400; x_wconf 90' lang='lat' dir='ltr'>pondere</span> <span class='ocrx_word' id='word_1_444' title='bbox 1266 3350 1304 3385; x_wconf 87' lang='lat' dir='ltr'>c,</span> <span class='ocrx_word' id='word_1_445' title='bbox 1326 3340 1368 3379; x_wconf 72' lang='grc' dir='ltr'>δε</span> <span class='ocrx_word' id='word_1_446' title='bbox 1392 3330 1520 3379; x_wconf 89' lang='lat' dir='ltr'>nodo</span> <span class='ocrx_word' id='word_1_447' title='bbox 1549 3329 1716 3381; x_wconf 88' lang='lat' dir='ltr'>mobili</span> <span class='ocrx_word' id='word_1_448' title='bbox 1743 3327 1837 3379; x_wconf 85' lang='lat' dir='ltr'>fiue</span> <span class='ocrx_word' id='word_1_449' title='bbox 1867 3336 2037 3399; x_wconf 69' lang='lat' dir='ltr'>ynione</span> <span class='ocrx_word' id='word_1_450' title='bbox 2057 3327 2112 3382; x_wconf 73' lang='lat' dir='ltr'>lt,</span> <span class='ocrx_word' id='word_1_451' title='bbox 2129 3344 2230 3397; x_wconf 72' lang='lat' dir='ltr'>quae</span> <span class='ocrx_word' id='word_1_452' title='bbox 2255 3325 2310 3394; x_wconf 62' lang='lat' dir='ltr'>li7</span> 
     </span>
    </p>
   </div>
  </div>
 </body>
</html>
