2498 3898
690 212 946 264 LIBER
1019 214 1372 267 PRIMVS,
1828 231 1875 273 73

318 352 891 403 PROPOSITIO
949 351 1314 400 VIGESIMA
1370 337 1745 400 SECVNDA„

193 494 240 539 In
254 488 343 537 data
358 488 494 537 tabula
509 492 587 561 seu
605 491 773 560 fiet‘lione
794 487 928 536 cubum
940 525 953 546 ,
973 492 1077 535 cuim
1092 488 1192 534 latus
1209 485 1342 533 datum
1359 487 1411 552 fit
1430 487 1529 555 quod
1551 487 1765 559 subieflum
1781 490 1875 557 plcr-

500 578 589 607 num
607 577 748 628 tangat
764 564 803 605 in
812 559 904 630 sola
926 558 1048 612 linea,
1055 553 1352 628 s‘cenographice‘
1369 556 1564 605 delineare.

301 696 528 748 Ciendum
546 701 693 765 primo
716 696 774 745 est
793 693 934 744 solida
951 699 1130 756 onmia,
1148 713 1246 765 quae
1267 694 1322 742 ad
1341 693 1628 764 prospectum
1651 698 1696 741 in
1711 695 1875 743 tabulis

205 700 728 834 Saccommodantur‚
739 767 943 830 quamuis
957 761 1204 813 subieetum
1217 764 1402 831 planum
1417 768 1461 812 in
1479 764 1570 811 sola
1581 763 1715 816 linea3
1734 764 1876 812 immo

194 841 242 883 in
260 833 357 883 solo
376 837 611 906 attingant
629 839 806 903 pumiro
825 873 838 894 ‚
868 834 1064 903 ideoque
1091 833 1263 881 nullam
1289 831 1523 879 videantur
1554 831 1719 878 habere
1744 835 1878 879 icno-

194 905 434 974 graphiam
455 901 526 953 seu
546 904 733 974 planum
757 905 1099 954 Geometricum
1112 898 1420 958 3necessarium
1439 916 1590 947 tamen
1610 898 1714 955 esse,
1732 900 1766 948 fi
1786 900 1877 951 haec

194 973 403 1022 volumus
434 974 695 1022 adumbrare
714 1010 728 1027 ,
758 981 801 1020 &
830 971 884 1019 ad
903 968 1175 1038 praescriptas
1204 972 1308 1016 artis
1335 969 1500 1039 regulas
1527 965 1879 1037 scenographice

195 1042 438 1098 delineare,
456 1042 802 1112 icnographiam
823 1040 904 1087 illis
921 1036 1040 1087 suam
1061 1039 1276 1097 tribuere,
1301 1056 1436 1107 quarn
1453 1036 1749 1103 reperimus,si
1768 1040 1877 1087 dato

195 1115 393 1178 corporis
416 1110 503 1159 siue
521 1109 656 1159 solidi
673 1109 758 1157 situ
777 1112 1079 1178 imaginamur
1097 1107 1155 1155 ab
1178 1108 1394 1155 omnibus
1422 1106 1599 1175 angulis
1620 1109 1709 1154 eius
1732 1105 1880 1156 solidis

144 1192 154 1202 ’
194 1179 282 1229 siue
310 1178 494 1249 singulis
528 1182 733 1227 extremis
762 1177 1148 1246 perpendiculares
1177 1176 1310 1223 lineas
1338 1176 1394 1223 ad
1419 1175 1670 1223 subiee‘cum
1693 1177 1877 1244 planum

193 1250 375 1297 demitti
395 1268 405 1302 ;
433 1266 634 1297 connexa
656 1251 776 1295 enim
795 1247 1048 1294 adinuicem
1071 1246 1194 1313 plani
1217 1248 1386 1313 puneta
1398 1244 1454 1292 ad
1466 1262 1564 1314 quae
1584 1245 1881 1311 perpendicu-

195 1319 303 1366 lares
315 1315 535 1365 eiusmodi
547 1320 859 1374 terminantur,
874 1315 1159 1384 polygonum
1170 1310 1458 1383 aliquodsiue
1468 1314 1746 1362 redtilineum
1766 1350 1778 1372 ‚
1792 1313 1881 1361 siue

196 1387 480 1436 curuilineum
493 1425 506 1445 ,
527 1386 616 1433 siue
635 1389 827 1432 mixtum
845 1402 928 1452 pro
947 1386 1147 1450 corporis
1165 1399 1326 1431 natura
1346 1379 1619 1441 describent,
1638 1382 1768 1451 quale
1807 1386 1883 1431 vi-

200 1457 329 1504 detur
346 1494 360 1512 ‚
395 1455 584 1522 exempli
612 1456 754 1524 gratia
770 1491 783 1512 ,
810 1455 856 1502 in
882 1453 1208 1523 diagrammate
1238 1455 1298 1499 X.
1320 1455 1366 1500 in
1383 1451 1563 1499 Tabula
1583 1448 1732 1510 sexta,
1747 1452 1825 1501 vbi
1846 1448 1878 1499 si

203 1525 336 1573 c‘ubus
362 1524 520 1593 aliquis
539 1562 553 1580 ,
578 1527 697 1571 cuius
726 1540 870 1571 vnum
897 1520 1031 1578 latus,
1052 1522 1251 1588 ideoque
1279 1523 1414 1568 etiarn
1444 1537 1614 1578 caetera,
1639 1519 1806 1589 aequale
1824 1516 1878 1568 sit

196 1595 321 1642 lineae
342 1596 373 1640 B
393 1599 427 1643 E
441 1631 455 1648 ‚
477 1596 539 1640 ita
559 1592 802 1639 collocetur
821 1592 868 1635 in
887 1588 1026 1660 plano
1042 1625 1054 1646 ,
1069 1605 1120 1636 Vt
1140 1589 1254 1637 illud
1268 1592 1315 1635 in
1336 1590 1419 1636 hac
1436 1588 1528 1635 sola
1549 1593 1794 1658 contingat
1824 1590 1882 1636 li-

195 1680 303 1716 nea,
324 1675 462 1730 atque
483 1660 540 1707 ab
561 1661 776 1707 omnibus
796 1656 907 1704 illius
926 1660 1128 1705 extremis
1148 1654 1237 1705 siue
1256 1656 1430 1726 angulis
1450 1653 1603 1704 solidis
1633 1653 1760 1723 super
1782 1656 1881 1723 pla-

196 1747 309 1778 num
340 1730 520 1776 eleuatis
546 1725 929 1796 perpendiculares
958 1728 1015 1776 ad
1044 1725 1156 1775 illud
1183 1729 1511 1778 demittantur5
1532 1726 1598 1773 hae
1638 1725 1797 1773 cadent
1835 1730 1882 1773 in

197 1804 237 1849 A
254 1803 280 1845 F
294 1803 333 1846 C
348 1793 390 1847 D
412 1818 423 1851 ·,
444 1795 479 1845 si
500 1815 651 1845 tamen
676 1795 841 1844 cubum
862 1795 1048 1844 velimus
1064 1798 1126 1844 ita
1150 1794 1521 1865 orthogonaliter
1545 1793 1805 1853 consistere,
1832 1811 1882 1843 vt

196 1872 245 1916 in
266 1884 473 1915 neutram
491 1882 665 1935 partem
684 1868 828 1935 magis
847 1865 1056 1920 inclinet,
1073 1866 1338 1933 statutoque
1356 1867 1405 1911 in
1423 1865 1635 1932 praedicit-a
1649 1863 1767 1912 linea
1784 1869 1880 1913 vno

199 1935 332 2003 ipsius
342 1935 623 2003 latere,plana
636 1935 722 1982 siue
727 1932 980 2002 superficies
992 1949 1091 2003 quae
1105 1937 1153 1982 in
1172 1935 1254 1982 illo
1267 1938 1613 2003 coniunguntur
1624 1931 1681 1979 ad
1697 1932 1883 1999 planum

196 2007 454 2053 horizontis
465 2003 738 2053 inclinentur
749 2002 919 2072 angulo
931 2006 1038 2050 teeti
1050 2003 1243 2051 dimidio
1252 1999 1324 2049 seu
1333 2002 1552 2071 graduum
1563 2000 1885 2071 quadraginta-

201 2078 406 2143 quinque
425 2076 702 2143 :iungantur
720 2090 826 2142 ergo
854 2074 984 2119 restis
1004 2072 1132 2120 lineis
1168 2078 1204 2121 A
1220 2076 1381 2131 FCD,
1407 2070 1645 2118 habebitur
1668 2088 1752 2137 pro
1781 2069 1882 2118 cubi

197 2143 329 2191 huius
347 2141 649 2212 icnographia
670 2139 984 2210 reetangulum
1006 2140 1179 2189 duabus
1199 2142 1330 2187 reetis
1351 2146 1387 2189 A
1403 2145 1454 2200 F,
1474 2145 1569 2189 CD
1593 2139 1719 2187 lateri
1752 2137 1883 2207 ipsius

199 2211 471 2280 aequalibus‚
493 2220 537 2259 ὃς
559 2211 725 2258 duabus
743 2211 837 2258 aliis
855 2213 969 2267 Ac,
988 2213 1070 2257 FD
1092 2209 1327 2279 diagonali
1362 2212 1493 2258 vnius
1512 2208 1641 2257 faciei
1676 2207 1806 2275 ipsius
1831 2227 1886 2256 ae-

201 2279 408 2347 qualibus
443 2274 818 2346 comprehensum
838 2298 848 2331 3
869 2274 1189 2345 supponimus,
1213 2280 1430 2345 inquam,
1449 2278 1576 2327 illurn
1604 2277 1746 2345 plano
1777 2294 1884 2344 pers-

199 2347 543 2413 pendiculariter
563 2345 777 2406 insistere,
804 2362 854 2396 vt
871 2346 946 2395 hic
976 2345 1280 2413 expressimus,
1303 2346 1516 2416 idemque
1546 2347 1601 2394 de
1623 2346 1717 2394 aliis
1737 2344 1885 2394 solidis

200 2414 494 2485 sequentibus
528 2414 821 2483 imposterum
847 2414 1037 2484 intelligi
1063 2415 1267 2465 volumus
1288 2453 1301 2470 ‚
1331 2413 1438 2463 sicut
1466 2425 1510 2463 ὃς
1536 2411 1782 2463 sectionem
1813 2411 1886 2460 seu

202 2484 406 2533 tabulam
433 2484 707 2533 horizontali
731 2484 873 2552 plano
897 2489 1091 2532 erectam
1107 2523 1120 2543 ,
1140 2483 1197 2531 ad
1221 2483 1466 2532 faciliorem
1493 2485 1782 2532 obieetorum
1804 2481 1886 2531 de-
1911 2501 1916 2507 ·

201 2552 524 2621 scriptionem,
556 2564 598 2603 ὅς
632 2553 688 2601 ad
714 2553 922 2603 vitandas
946 2553 1226 2603 difficultates
1255 2549 1484 2621 superfluas
1516 2568 1615 2620 quae
1642 2552 1738 2619 plus
1763 2550 1880 2615 taedij

201 2640 339 2691 quam
358 2624 562 2671 Vtilitatis
594 2632 637 2670 δε
665 2622 897 2670 commodi
921 2620 1127 2670 studiosis
1145 2619 1320 2689 possent
1338 2622 1502 2671 afferre.
1524 2621 1596 2669 Ad
1622 2619 1742 2668 hunc
1777 2638 1883 2667 mo,-

202 2693 311 2739 dum
329 2708 478 2739 caetera
496 2688 638 2739 solida
655 2691 845 2738 demiffis
864 2695 910 2738 in
928 2691 1113 2758 planum
1132 2690 1568 2758 perpendicularibus
1585 2689 1642 2737 ab
1665 2688 1878 2736 omnibus

201 2758 286 2807 suis
306 2764 509 2806 extremis
527 2759 872 2828 icnographiam
896 2758 1018 2811 suam
1039 2758 1320 2808 describunt:
1340 2777 1425 2807 nos
1446 2777 1552 2808 vero
1584 2761 1630 2805 in
1656 2755 1883 2825 sequenti«

205 2829 284 2877 bus
305 2825 898 2896 propositionibusipsorurn
910 2827 1470 2896 omniumicnographiam
1484 2865 1496 2880 ‚
1508 2827 1883 2895 ortographiam-

206 2916 294 2968 que
317 2898 601 2945 Geometrice
619 2896 878 2946 inueniendi
905 2899 1177 2946 methodum
1208 2897 1528 2966 assignabimus
1546 2913 1685 2964 quam
1705 2897 1881 2962 poteri⁶

205 2984 301 3014 mus
330 2962 580 3014 facillimam
598 3005 610 3023 ,
640 2983 691 3015 vt
715 2967 838 3014 nullo
867 2967 1020 3036 postca
1045 2969 1239 3036 negotio
1259 2969 1463 3014 omnium
1482 2962 1772 3014 altitudinum
1793 2961 1880 3010 scen

204 3034 461 3103 nographia
485 3040 739 3102 reperiatur.
1659 3083 1662 3085 ,

276 3107 339 3151 Sit
359 3106 495 3171 igitur
510 3104 566 3152 ad
585 3103 878 3172 problematis
903 3106 1034 3153 huius
1053 3105 1328 3156 solutionem
1357 3103 1660 3175 icnographiae
1680 3119 1765 3169 prae
1807 3105 1880 3150 'Cri

207 3169 331 3229 cubi,
349 3172 610 3242 reeiangulo
635 3172 838 3222 videlicet
861 3177 898 3222 A
911 3177 941 3221 B
957 3177 995 3222 C
1007 3179 1050 3223 D
1065 3179 1099 3223 E
1113 3180 1167 3230 F,
1186 3172 1509 3245 scenographia
1526 3171 1767 3237 correspon
1803 3189 1878 3219 ens

204 3241 410 3309 abcdefg
428 3278 440 3298 ,
458 3259 534 3308 per
556 3245 744 3308 primam
762 3241 891 3290 huius
914 3245 1100 3292 inuenta
1124 3266 1136 3291 .·
1157 3248 1244 3293 iam
1261 3245 1567 3312 ortographiae
1583 3239 1699 3286 linea
1723 3243 1879 3309 requi-

207 3313 420 3379 riturquae
431 3313 569 3359 varias
580 3327 633 3358 an
640 3310 991 3380 gulorumiplius
999 3307 1244 3361 solidorum
1257 3312 1512 3362 altitudines
1524 3311 1775 3364 contineat3
1787 3310 1879 3375 haee

1669 3379 1712 3446 K
